3170 4430
292 191 378 272 5¹4·
585 161 594 176 ’
677 163 832 270 lustorn
848 165 977 274 Ettlts.
1006 169 1124 275 Cirpi.

296 351 401 434 nobit
438 345 622 460 inputari:
655 349 746 430 banc
775 376 864 432 vero
895 351 1006 432 fidem
1038 353 1173 452 opponi
1205 351 1385 450 operibus
1418 347 1507 442 legis,

296 453 368 528 noc
391 443 462 542 est,
485 468 524 522 tu
548 447 627 544 lege
649 449 767 540 diviua
785 447 1029 548 praescriptis,
1055 452 1178 549 qulbus
1199 451 1372 529 videlicet
1390 447 1504 545 perlec-

297 565 335 626 ta
360 564 397 620 et
416 565 484 640 per
532 561 590 623 tua
615 545 815 630 obedientia
838 544 1052 624 continetur.

318 639 383 740 .§.
409 636 482 718 DV
503 641 531 714 l.
559 649 593 722 8.
618 643 678 720 De
703 641 953 720 resurreetione
976 665 1213 736 mortuorum,
1241 662 1277 720 et
1302 641 1439 717 ultimis
1459 639 1505 710 ho·

297 743 454 828 minum,
478 737 633 831 docent,
655 739 776 816 fideles
798 741 836 819 iu
862 743 920 840 die
946 741 1132 818 novillimo
1156 739 1408 816 resurrecturos
1432 735 1507 820 elle,

298 857 371 931 non
395 853 512 910 autem
542 832 683 944 inpios,
704 837 792 912 inde
813 841 857 914 ab
881 835 986 912 initio
1009 839 1128 914 mundi
1156 859 1332 914 mortuos:
1362 831 1448 912 dein
1465 851 1510 902 ne·

299 949 387 1030 gant
412 929 703 1011 resurrectionem
728 937 863 1024 carnis,
889 934 948 1010 seu
973 933 1076 1033 hujus
1098 936 1274 1032 corporis,
1300 933 1400 1025 quod
1420 947 1509 1002 carne

299 1047 338 1105 et
362 1025 417 1107 sau
448 1028 526 1100 uine
550 1029 742 1124 praeditum
759 1029 837 1120 est,
862 1027 924 1104 etli
947 1028 1141 1123 fateantur,
1179 1051 1327 1128 corpora
1352 1027 1511 1102 resurrrec-

297 1144 377 1204 turn
400 1051 495 1233 ofin,
525 1124 584 1198 sou
610 1125 774 1212 hominen
807 1125 1042 1226 fidelethqui
1070 1147 1156 1203 tunc
1183 1128 1289 1201 novis
1313 1121 1510 1218 corporibur

298 1217 804 1332 coelestiburjndueodilum.
851 1223 1033 1316 Praeterea
1048 1243 1191 1314 tenent,
1210 1219 1351 1320 perac‘lo
1363 1215 1508 1315 judicio,

298 1337 437 1412 rnpror,
460 1337 541 1423 gur,
557 1333 643 1394 tuuc
673 1317 746 1392 vrri
772 1335 895 1408 erunt,
926 1318 964 1394 in
990 1317 1109 1416 ignem
1141 1338 1319 1394 aeternum
1348 1338 1418 1389 una
1441 1333 1508 1385 curu

296 1410 435 1486 diabolo
459 1409 504 1520 rri
530 1407 727 1502 detrusum,
755 1429 794 1488 ut
817 1411 923 1490 semel
948 1437 1071 1491 omnes
1094 1417 1154 1490 illo
1178 1415 1263 1512 igne
1287 1413 1506 1488 absumantur.

294 1507 444 1614 Negant
467 1524 606 1601 rtaque,
629 1509 807 1584 cruciatur
830 1507 1010 1607 inpiorum
1037 1531 1075 1586 et
1099 1513 1317 1586 diabolorum
1342 1508 1508 1582 duraturos

295 1600 368 1693 elle
398 1622 437 1676 ru
461 1617 666 1696 aeternum,
698 1603 881 1682 absurdum
904 1605 998 1682 enim
1020 1603 1109 1697 effe,
1135 1609 1250 1682 Deum
1277 1602 1380 1680 irasci
1402 1603 1437 1675 in
1459 1623 1507 1672 ae·

295 1717 456 1786 ternum,
480 1717 517 1772 et
588 1719 687 1780 ccata
713 1720 945 1778 creaturarum
970 1701 1070 1778 finita
1093 1703 1220 1799 poenis
1236 1699 1389 1774 infinitis
1407 1698 1503 1772 mulc-

294 1813 386 1874 tare.
437 1795 530 1872 Mun
556 1819 614 1872 um
648 1798 755 1874 etiam
787 1797 883 1874 huuc
906 1815 1083 1872 autumant
1115 1800 1259 1895 penitus
1289 1793 1501 1871 interiturum

295 1893 367 1968 effe
399 1913 468 1999 per
501 1891 705 1969 incendium
745 1893 829 1966 illud
866 1895 1049 1990 generale,
1084 1909 1122 1966 et
1162 1893 1334 1968 rationem
1369 1887 1500 1964 vivendi

294 1986 437 2082 prorsur
457 2002 664 2060 rumutatum
688 1987 752 2073 iri,
778 1986 829 2061 ita
855 2008 893 2062 ut
916 2011 1026 2063 novus
1047 1989 1196 2062 mundus
1223 2012 1243 2061 a
1264 1989 1349 2061 Deo
1370 1983 1409 2058 fit
1428 2007 1500 2078 pro·

294 2079 443 2156 diturus.
493 2076 552 2150 De
582 2079 671 2152 statu
697 2079 888 2156 animarum
914 2081 1163 2178 postmortem
1189 2081 1364 2172 sentiunt,
1396 2079 1501 2152 homi·

296 2197 382 2254 nem
408 2187 522 2284 morte
550 2172 690 2284 penitus
714 2170 875 2268 dillolvi,
901 2177 951 2254 ita
976 2196 1015 2252 ut
1032 2179 1119 2254 nihil
1135 2181 1239 2276 plane
1257 2177 1318 2270 fit,
1342 2173 1496 2270 uinquod

296 2272 375 2368 ejus
398 2270 571 2365 Sprrrtua,
604 2285 658 2346 utt
683 2287 720 2346 et
751 2270 961 2362 bestiarum,
994 2271 1101 2348 instar
1134 2275 1278 2364 alicujus
1309 2272 1418 2358 venti,
1446 2293 1497 2342 re·

295 2369 379 2444 deut
402 2364 444 2439 ad
469 2364 611 2454 Deum,
642 2365 702 2461 qui
724 2365 836 2462 ipsum
859 2367 978 2459 dedit,
1003 2367 1074 2443 elle
1097 2371 1191 2444 enim
1217 2369 1385 2467 Spiritum
1406 2367 1494 2440 illurn

293 2464 469 2540 virtutem
501 2477 539 2533 et
571 2459 763 2536 efficaciam
795 2462 964 2559 quandam
992 2465 1087 2554 θεὶς
1120 2465 1192 2540 hoc
1206 2485 1331 2538 nutem
1353 2459 1494 2536 intereffe
1558 2509 1559 2516 a

298 2559 396 2636 inter
427 2555 580 2631 animam
613 2555 769 2632 nominis
790 2575 827 2631 et
857 2557 1006 2648 bestiae,
1038 2563 1132 2658 quod
1158 2561 1215 2635 illa
1240 2551 1493 2640 rationalirest,
1558 2557 1559 2650 l

293 2674 336 2731 et
361 2653 459 2747 spem
483 2650 588 2727 habet
610 2652 705 2728 vitae
731 2673 911 2730 aeternae:
945 2655 1036 2730 unde
1061 2654 1247 2754 colligunt,
1282 2655 1403 2733 animas
1420 2647 1490 2746 poll

290 2765 449 2832 mortem
475 2743 561 2826 nihil
585 2745 731 2832 sentire,
758 2769 818 2825 aut
841 2774 962 2846 agere,
988 2751 1062 2826 imo
1083 2752 1274 2850 nequidem
1299 2753 1335 2826 in
1359 2751 1391 2826 se
1410 2747 1492 2841 reip·

290 2845 331 2928 ia
360 2841 561 2938 subfistere,
593 2845 690 2922 velut
723 2845 907 2942 personas,
938 2847 1029 2922 unde
1061 2849 1201 2924 tandem
1238 2845 1403 2935 efficiunt,
1431 2860 1491 2914 nec

290 2939 539 3044 purgatorium
563 2941 653 3033 effe,
676 2963 745 3016 nec
767 2939 962 3020 sauciorum
984 2943 1270 3036 invocationem,
1296 2966 1355 3018 ncc
1374 2935 1490 3019 oratioe

294 3063 380 3128 nero
401 3061 473 3210 Bru
496 3037 647 3114 mortuis
670 3038 800 3115 habere
830 3041 968 3128 locum,
1000 3060 1081 3114 cum
1106 3039 1238 3116 mortui
1261 3040 1340 3118 nihil
1360 3031 1426 3106 fint

342 3135 376 3233 l.
439 3131 543 3208 Vlll.
575 3153 611 3226 9.
635 3133 695 3207 De
725 3132 879 3208 Ecclefia
911 3136 1074 3227 censent,
1110 3159 1186 3210 eam
1211 3135 1315 3213 nobis
1336 3153 1399 3208 unu
1422 3123 1484 3200 effe

289 3231 387 3337 'cons
406 3230 653 3336 icuam,·cum
686 3225 823 3301 constet
853 3250 898 3306 cx
932 3253 1018 3306 vere
1048 3231 1291 3325 credentibus,
1315 3251 1349 3305 et
1373 3221 1485 3322 Spiritu

292 3325 379 3400 Chri
411 3323 420 3338 '
444 3322 631 3417 praediti„
665 3321 821 3420 adeoque
846 3347 918 3401 uon
940 3351 1028 3427 opus
1051 3325 1120 3404 elle
1145 3327 1322 3427 disputare
1343 3325 1385 3402 de
1406 3316 1485 3397 notit

294 3415 493 3508 Ecclesiae,
519 3415 580 3492 ubi
604 3435 643 3492 et
666 3421 758 3513 apud
780 3441 868 3516 quos
890 3421 958 3498 lit?
981 3447 1061 3500 cum
1079 3423 1155 3499 satis
1172 3425 1334 3519 constet,
1358 3435 1486 3494 eorum·

289 3513 448 3604 metelle
479 3511 608 3627 Christi
630 3535 735 3606 oves,
766 3515 825 3613 qui
849 3541 980 3596 vocem
1006 3519 1134 3597 Christi
1158 3521 1320 3611 audiunt,
1351 3507 1484 3592 Ecclesia
1557 3541 1558 3574 r

188 3641 191 3648 ’
284 3637 395 3728 porro
414 3637 462 3700 ex
484 3629 638 3700 veritate
666 3613 838 3714 cognosci
860 3613 989 3716 debet,
1023 3639 1096 3700 nou
1119 3616 1247 3700 veritur
1269 3641 1315 3698 ex
1342 3603 1482 3786 Eccslilr·

768 3781 771 3794 .
1312 3734 1368 3794 to.
1441 3720 1485 3790 [ἃς
