3148 4434
501 186 669 286 -rmt
696 147 843 272 nrt*
921 259 923 266 ,
1226 208 1301 300 ,43

56 363 257 448 fiennon
274 365 452 460 instituta,
477 365 514 446 lu
541 391 577 446 ra
598 369 661 446 suo
682 375 783 463 loco,
807 369 844 448 in
868 365 1125 452 reformatione
1148 373 1298 452 Germa*

56 467 174 556 niae,
200 468 240 544 in
263 468 373 543 lucem
400 392 588 564 prodngla,
612 473 654 542 ad
678 471 833 544 animum
856 474 1100 563 revocaverit,
1127 472 1163 548 in
1179 474 1300 550 oculor

59 565 185 640 facile
205 564 371 639 incurret.
420 563 626 658 Jnllnruut,
652 583 691 640 ut
716 567 766 652 Cl.
794 563 968 660 Perizonii
994 567 1032 642 in
1057 569 1204 646 historia
1223 571 1293 644 sec.

64 661 187 738 XVI.
211 661 319 734 verba
345 661 403 735 hic
425 662 568 752 addam,
601 679 678 734 turre
699 659 817 760 pufflm
847 665 1058 740 revelationes
1090 663 1297 760 eutlmfiustiq

70 783 165 844 cur,
200 755 349 830 liberales
380 760 577 853 rejiciebant
615 773 726 848 ortes,
760 759 881 850 libror,
908 775 1135 857 praeterquam
1154 763 1295 858 sacrus,

72 853 256 930 chuleham
279 877 404 941 ornnes,
433 859 582 928 bonorum
599 857 845 930 commuttionem
860 859 1041 950 urgebunt,
1064 859 1195 956 denique
1211 860 1297 948 Mur

68 949 241 1048 gistratur
273 951 423 1024 valebunt
447 973 551 1024 ornnes
575 949 751 1048 sublatos,
775 969 827 1041 rt,
853 953 1037 1047 exstrueus,
1061 971 1098 1028 ur
1121 959 1295 1044 dicebaut,

72 1047 206 1138 inpiis,
238 1069 373 1142 regnunt
403 1043 528 1138 Tstunr'r
549 1054 591 1142 Je
615 1050 798 1123 condituras
820 1049 1053 1142 adfirmabunt.
1103 1050 1297 1125 Conferan-

74 1140 272 1218 auretium
295 1146 390 1236 leges
416 1141 516 1240 regni
547 1143 832 1219 Monastcrienfir
853 1145 946 1239 apud
970 1145 1254 1222 Hererbachium
1274 1145 1297 1222 l.

73 1237 165 1328 cit,
191 1237 285 1312 inter
308 1261 409 1334 quar,
435 1255 575 1334 praeter
590 1242 706 1337 capita
724 1257 935 1330 memorata,
958 1240 1075 1328 locum
1091 1263 1230 1339 quoqne
1247 1258 1300 1321 ter

74 1355 147 1410 net
179 1334 398 1502 polpgamia,
432 1355 469 1410 et
498 1336 603 1408 venia
635 1337 749 1412 salutis
774 1353 901 1435 negata
927 1339 1111 1436 baptizatio
1135 1334 1214 1436 post
1238 1359 1299 1410 eo·

73 1455 161 1508 rum
202 1455 219 1502 n
263 1455 332 1504 nm.

132 1525 166 1626 ς.
192 1455 441 1600 ΕὲΕΟΧιΙΙΙ.
468 1525 627 1601 Proxima
651 1525 935 1606 Mennonitntum
958 1528 1078 1625 otigo,
1104 1551 1185 1605 tneo
1204 1527 1300 1625 jndi-

78 1623 166 1712 cio,
196 1621 321 1696 rennos
353 1647 372 1694 a
407 1623 648 1696 Waldensrbur
680 1624 880 1714 derivatur,
907 1645 945 1698 et
969 1623 1037 1700 illie
1061 1623 1302 1720 Anabaptista·
1334 1636 1338 1713 ·;

82 1743 187 1808 turn,
222 1717 281 1816 qui
305 1717 508 1815 primaevae
539 1715 712 1792 Ecclesiae
740 1718 1001 1807 innocentiam,
1027 1740 1064 1792 et
1089 1721 1299 1813 puritatem,
1336 1734 1340 1769 ⁵

82 1815 250 1890 volebant
282 1835 503 1897 renovatam,
538 1833 576 1885 et
599 1811 887 1903 reformationem
915 1811 1061 1886 ulteriur
1084 1831 1300 1908 promotam,
1329 1834 1333 1844 ·

88 1933 196 2008 quam
224 1909 397 1982 Lutherur
422 1928 459 1983 et
481 1907 643 1981 Calvinus
668 1907 903 1982 instituerunt.
952 1906 1158 1982 Waldenset
1182 1905 1301 2001 utique

117 2007 277 2102 raecipua
305 2007 440 2100 cupita,
474 2003 497 2076 fi
528 2007 570 2076 ab
601 2004 738 2097 origine
778 2003 891 2078 carnia
925 2001 1056 2078 Christi
1087 2001 1332 2100 discefferis„

84 2035 286 2180 genuerunt
320 2123 400 2174 curn
433 2098 656 2174 Mennonitia
688 2099 762 2174 fert
790 2103 1010 2188 communiat
1044 2119 1082 2175 ut
1108 2123 1153 2176 ex
1176 2123 1300 2180 torum

84 2197 252 2290 historia,
278 2193 348 2272 sec.
373 2197 453 2272 Xll.
482 2195 621 2284 tradita,
649 2193 750 2269 facile
773 2215 881 2290 patet.
935 2196 1040 2296 Quod
1067 2194 1092 2269 sr
1116 2197 1154 2271 in
1177 2220 1300 2274 veram

84 2317 243 2370 errorum
271 2291 440 2386 originem
474 2291 702 2384 inquiramus,
736 2314 822 2387 quae
848 2315 910 2368 eoa
927 2291 971 2366 -in
996 2289 1223 2366 transversum
1248 2318 1301 2368 ra·

83 2394 188 2490 puit,
216 2413 257 2464 ea
281 2389 358 2462 fere
381 2390 419 2463 in
445 2412 489 2460 eo
512 2387 690 2462 statuenda
715 2387 875 2478 viderur,
906 2389 999 2486 qnod
1021 2387 1113 2462 inter
1136 2389 1303 2486 Regnum

84 2487 217 2563 Christi
248 2483 286 2558 in
312 2491 433 2558 natura
458 2480 516 2556 sua
538 2482 674 2557 seorsim
701 2483 972 2574 conlideratutn,
997 2484 1137 2579 ejusque
1161 2485 1302 2560 relatio·

86 2609 170 2662 nem
188 2585 230 2655 ad
249 2581 435 2664 mnndum,
461 2600 497 2651 et
517 2581 716 2652 societatem
733 2577 934 2675 politicam,
958 2600 1029 2652 non
1044 2576 1123 2655 latis
1136 2578 1301 2658 distinxe-

86 2680 172 2756 rint.
223 2677 387 2768 Regnum
405 2673 552 2760 Chrisli,
579 2699 644 2768 qua
663 2675 751 2764 tale,
777 2694 891 2750 totum
910 2674 1115 2768 spirituale,
1142 2695 1179 2750 et
1195 2679 1302 2766 Sanc·
1328 2700 1335 2710 '

89 2799 186 2862 tum,
220 2799 238 2848 a
264 2773 345 2845 Deo
379 2792 418 2845 et
448 2769 582 2844 Christo
607 2795 671 2869 per
695 2769 864 2868 Spiritum
887 2769 1038 2858 retium,
1063 2768 1123 2846 ubi
1147 2774 1304 2870 obtinet,

89 2897 159 2950 uec
178 2867 214 2943 vi
230 2868 326 2943 civili
345 2865 522 2956 coactiva,
549 2889 615 2942 nec
629 2867 767 2964 gladio,
794 2889 862 2942 nec
875 2867 1094 2963 joramento,
1114 2888 1178 2940 nec
1194 2871 1304 2964 bello,

82 2991 150 3045 aut
166 2965 350 3050 fimilibus,
375 2963 531 3060 indiget:
558 2963 615 3036 led
641 2964 745 3037 relate
760 2962 802 3036 ad
820 2962 1007 3051 mundum,
1033 2979 1069 3034 et
1085 2982 1253 3060 quatenus
1268 2968 1306 3046 in

94 3091 138 3139 eo
162 3061 236 3150 est,
258 3083 298 3134 ac
323 3059 483 3142 subsistit,
510 3083 550 3134 ea
572 3057 690 3134 omnia
712 3057 869 3134 admittit
894 3079 930 3133 et
953 3055 1110 3152 requirit.
1162 3061 1308 3141 Eurota

97 3183 179 3234 vero
203 3159 247 3232 de
271 3153 572 3254 paedobaptil'mo,
598 3174 634 3229 et
650 3154 891 3231 incarnatione
906 3151 1053 3244 christi,
1077 3156 1216 3232 aliunde
1230 3156 1309 3239 sunt

98 3255 302 3352 repetendi,
338 3273 375 3324 ut
409 3255 516 3326 modo
548 3249 705 3344 exposui.
756 3249 844 3328 Aliis
875 3249 1075 3350 principio,
1106 3272 1154 3330 ex
1181 3256 1307 3351 quibup

101 3347 402 3428 Mennonirilmus
417 3349 544 3438 fluxit,
569 3370 639 3423 non
657 3347 873 3438 indigemus,
899 3352 1008 3426 multo
1023 3349 1138 3430 minua
1154 3350 1308 3442 invium
1334 3381 1338 3408 ·

102 3449 150 3532 fir,
172 3447 261 3536 illis,
290 3446 326 3518 in
352 3445 601 3520 communione
628 3467 706 3519 cum
731 3444 1084 3534 Monasterienfibua,
1109 3464 1147 3520 ct
1171 3445 1244 3520 aliia
1268 3446 1309 3522 st·

105 3545 240 3620 milibus
272 3541 447 3634 fanaticis,
482 3542 572 3628 stria,
603 3565 624 3614 a
656 3541 779 3634 quibua
802 3541 836 3617 se
856 3561 892 3618 et
916 3543 1001 3619 olim
1025 3541 1246 3617 vindicarunt
1273 3561 1311 3618 et

106 3660 217 3732 nunc,
247 3661 310 3738 per
342 3638 432 3730 tanti
467 3636 836 3810 temporirKsffitium,
868 3640 904 3722 se
926 3659 963 3718 tt
986 3636 1121 3731 ritatt
1146 3633 1313 3812 instituatis

759 3755 783 3810 2
1228 3751 1317 3816 ΗΟ
