3148 4434
298 203 377 294 4⁶²
692 185 839 290 {sitistis
861 178 989 286 Ecclts.
1014 181 1131 288 claust.

303 401 404 467 rum,
437 371 497 473 qni
530 368 642 468 magis
671 365 828 444 minusve
855 363 1007 444 feliciter
1036 367 1127 442 hanc
1155 361 1303 462 spartam
1334 383 1509 444 omamnt:

301 496 391 571 quos
411 491 602 544 memorare
618 464 842 564 supersedeo,
870 487 976 538 unum
993 463 1254 555 Lubiniecium,
1271 465 1508 554 Socinianum,

305 570 346 644 in
373 563 452 642 nise
480 565 659 639 resormat.
683 561 865 650 Poloniae,
899 559 1087 635 nominass'e
1109 579 1309 638 contentos,
1362 561 1418 634 Ex
1446 560 1506 658 qui·

305 665 371 743 bus
395 665 594 760 generalem
623 658 717 756 ejus,
740 675 779 732 et
803 655 995 746 haeresint,
1019 655 1110 730 dabo
1129 657 1353 732 intelledium.

350 757 382 858 s.
410 758 660 833 CCCCLXlll.
687 755 837 830 Miclsntl
860 759 1030 843 demetat,
1055 775 1125 849 quo
1146 751 1287 830 nomine
1307 752 1341 826 se
1367 749 1451 843 ipse
1467 753 1505 827 in·

299 853 448 950 lignivit
487 855 523 928 in
557 855 718 928 librorum
751 853 797 924 de
821 847 1000 924 Trinitate
1030 847 1272 945 inscriptione,
1301 849 1385 924 alias
1408 849 1505 924 Rem

299 953 339 1026 dt
367 951 574 1048 Arragona,
608 969 647 1023 ut
680 949 754 1048 ipse
783 946 936 1035 addidit,
970 947 1091 1019 Reves
1121 968 1186 1040 per
1218 969 1442 1044 anagramma
1470 971 1503 1024 et

297 1049 452 1138 desueto,
479 1047 604 1122 omisso
629 1063 678 1134 tn,
713 1045 758 1118 de
784 1039 970 1138 Arragonia
993 1065 1013 1114 a
1037 1045 1167 1136 patria,
1193 1044 1284 1116 unde
1307 1042 1416 1118 etiam
1444 1043 1503 1115 Vsl·

299 1147 481 1219 innovatus
514 1143 675 1240 adpellari
698 1139 844 1235 coepit,
870 1163 899 1211 a.
928 1159 1031 1228 1542.
1058 1139 1218 1232 Lugduni
1243 1139 1275 1210 in
1303 1139 1414 1214 Gallia
1437 1162 1501 1214 mo·

297 1263 414 1332 ratus,
456 1242 567 1334 probe
602 1242 650 1310 'ab
691 1239 830 1309 Andtea
862 1236 1031 1314 Serveto,
1069 1233 1208 1330 aliisque
1242 1235 1499 1332 Villanovanis,

296 1334 582 1432 distinguendus,
615 1329 786 1405 natusest
812 1353 841 1402 a.
873 1351 978 1420 1509.
1004 1327 1210 1402 Villanovae
1233 1329 1269 1402 in
1296 1333 1500 1428 Arragonia,

319 1453 383 1504 uae
415 1451 493 1524 pars
521 1427 572 1502 est
598 1423 800 1521 provinciae
832 1423 1117 1509 Tarraconensis,
1144 1445 1245 1520 quare
1270 1425 1498 1504 Tarraconen·

291 1453 337 1600 Es
363 1524 534 1598 nonnullis
566 1521 696 1610 audiit,
728 1521 973 1614 eP'nreutibus
998 1543 1070 1592 non
1095 1523 1251 1616 Judaels,
1287 1541 1324 1593 ut
1348 1531 1493 1604 nonnulli

288 1619 527 1714 scripserunt,
552 1619 610 1694 sed
629 1613 852 1707 Christianis,
874 1617 974 1690 Patre
998 1614 1150 1690 Notario
1167 1617 1279 1704 urbis,
1306 1617 1344 1692 in
1361 1621 1493 1718 religio·

287 1737 338 1793 ne
366 1715 565 1806 catholica,
590 1713 636 1789 ibi
659 1712 726 1789 sola
750 1735 833 1787 tunc
856 1732 959 1800 nota,
985 1711 1169 1800 educatus,
1195 1712 1272 1786 dein
1297 1714 1421 1788 litteris
1438 1720 1490 1790 hu·

289 1814 507 1890 inaniotibus
532 1813 692 1901 inbutus,
718 1809 940 1884 Academiam
968 1809 1176 1880 Tolosanum
1201 1807 1309 1899 adiit,
1336 1832 1371 1884 et
1393 1813 1486 1910 Juris·

285 1911 497 2004 prudentiae
520 1929 663 2003 operam
689 1905 806 1994 dedit,
834 1905 892 1978 ubi
917 1903 1102 1980 triennium
1127 1909 1278 1978 mdrutus
1301 1907 1361 1982 eli.
1406 1911 1486 2001 Sed,

283 2015 323 2075 et
347 2005 409 2078 hic
431 2001 468 2076 in
492 2001 600 2074 Biblia
625 2001 748 2086 Sacra,
773 2021 947 2074 antemon
972 1997 1087 2088 lesia,
1111 2001 1255 2089 incidit,
1289 2001 1378 2076 sama
1402 2004 1485 2080 sorte

187 2155 190 2162 -
281 2097 573 2175 Reformatorum
606 2097 796 2184 excitatus,
829 2095 923 2170 simul
956 2097 1070 2168 varios
1095 2093 1267 2170 Ecclesrse
1293 2099 1480 2176 Pontificise

280 2215 417 2268 errores
442 2209 479 2264 et
502 2191 621 2265 abusus
643 2188 793 2280 detexit,
816 2191 1043 2266 fundamenta
1069 2215 1205 2288 quoque
1221 2192 1395 2288 opinionis
1411 2197 1481 2271 suae

281 2291 329 2364 de
354 2289 536 2362 Trinitate
567 2282 677 2382 jecit,
707 2287 851 2383 proprio
882 2285 976 2362 sorte
1008 2309 1138 2375 marte,
1173 2288 1304 2382 quippe
1326 2293 1477 2384 ingenio,

277 2383 339 2461 sed
358 2403 392 2457 et
408 2383 523 2457 indole
540 2383 807 2469 novaturiente,
828 2386 1025 2477 praeditus3
1043 2385 1148 2454 nullus
1164 2385 1307 2481 utique,
1327 2409 1475 2484 quantum

278 2481 433 2568 constat,
476 2477 525 2550 ibi
562 2497 646 2551 tunc
690 2477 757 2552 fuit
790 2477 1068 2554 antitrinitarius.
1127 2478 1242 2572 Quem
1284 2481 1472 2556 suetonio

279 2577 389 2655 Gallia
424 2572 608 2648 excludere
639 2597 710 2646 non
739 2573 857 2661 ausus,
892 2575 928 2648 in
958 2575 1199 2664 Germaniam,
1226 2579 1362 2668 maioris
1385 2581 1474 2652 luber·

276 2673 358 2745 tatis
386 2671 531 2757 sedem,
563 2671 598 2743 se
629 2671 789 2744 contulit.
842 2673 906 2743 Per
940 2673 1119 2745 Generum
1146 2691 1183 2743 et
1206 2674 1404 2768 Lugdunum
1427 2699 1473 2750 te·

274 2767 390 2850 tendit
415 2769 451 2841 in
477 2764 698 2855 Helvetium,
724 2785 771 2838 etw
788 2765 933 2839 Bafileae
960 2787 1114 2840 moratus
1139 2766 1189 2840 est
1214 2793 1244 2843 a.
1273 2769 1467 2864 1530.,·ubi

274 2883 356 2937 curn
390 2863 457 2959 Joh
499 2862 774 2956 oecolampadio
810 2865 982 2936 sermones
1007 2863 1051 2935 de
1086 2863 1256 2958 religione
1280 2865 1401 2950 habuit,
1432 2885 1467 2940 ut

273 2982 320 3034 ex
351 2961 400 3034 H.
428 2961 614 3052 Bullingeri
642 2958 860 3054 praefatione
887 2957 928 3031 ad
953 2957 1209 3051 responfionem
1237 2962 1458 3056 Tigurinorum
1506 3004 1509 3008 -

271 3056 316 3130 ad
343 3057 509 3153 Jacobum
538 3056 712 3126 Andream
744 3073 859 3148 patet,
887 3053 944 3148 qui
968 3053 1121 3127 notabile
1146 3055 1466 3152 ZuingliietOcco··

271 3149 436 3244 lampadii
477 3151 686 3242 colloquium
719 3149 763 3218 de
796 3151 945 3221 Serveto
972 3151 1205 3238 memoravit3
1238 3147 1328 3228 unde
1350 3151 1462 3246 liquet,

269 3267 351 3318 eum
379 3247 450 3340 jam
484 3265 567 3316 tunc
592 3267 611 3315 a
642 3241 736 3314 retia
770 3243 949 3318 discessisse
973 3248 1047 3334 via,
1079 3241 1174 3319 simul
1200 3248 1233 3320 in
1263 3248 1464 3344 opinionibus

268 3341 338 3418 suis
376 3341 445 3412 elle
488 3343 712 3430 pertinacem.
770 3339 1000 3434 Disputarunt
1040 3361 1154 3415 autem
1195 3346 1463 3440 Oecolampadius

266 3457 306 3511 et
333 3435 519 3522 Servetus,
555 3434 637 3540 vivs
665 3456 755 3506 voce
779 3456 817 3508 et
842 3436 994 3527 scriptia,
1028 3437 1073 3510 de
1099 3435 1314 3515 conseffioue
1338 3445 1461 3538 quadam

266 3535 373 3622 fidei,
407 3533 448 3606 ab
493 3532 560 3604 ltoc
589 3531 634 3602 illi
671 3533 793 3603 oblata.
857 3533 998 3606 Exstant
1034 3533 1139 3607 etiam
1173 3535 1259 3609 dune
1294 3538 1458 3633 adipsum

265 3631 532 3728 Oecolsmpudil
548 3627 753 3728 epistolae,
778 3629 904 3728 quibus
927 3629 1175 3708 conseliiunem
1190 3630 1466 3795 illamreeeusept,

267 3757 286 3800 ι
365 3777 371 3786 .
