3098 4436
546 195 655 280 &cat
677 195 780 279 XVI.
1205 227 1279 310 939

65 384 122 458 lae
140 381 174 454 in
195 399 266 473 eor,
281 374 310 470 li
323 397 399 477 quor
417 398 565 456 carceres
586 379 741 457 loborat
753 381 900 478 rapaton
911 395 969 475 ,et
986 376 1161 484 Georgius
1177 385 1273 462 Ger.

61 501 192 569 manus,
223 497 373 587 propter
398 476 628 554 Divinitatem
654 477 803 570 curisti,
831 480 894 554 Ver
926 483 1075 575 integrat
1107 501 1140 556 et
1163 485 1272 558 incas·

59 591 175 674 potae,
193 593 243 647 uu
267 572 370 649 esuis
387 573 596 665 habebatur,
627 576 741 668 uitae,
759 571 885 653 frustra
900 573 1146 654 intercedente
1163 580 1267 658 Hero

62 670 130 766 ejus
160 668 409 769 Mogontino,
441 669 523 745 rim
546 669 676 763 nobili,
697 689 733 745 et
761 691 869 748 uxore
885 672 970 770 eius.
1022 669 1150 774 Quod,
1180 673 1271 758 secut

66 773 265 858 Cmnnero,
283 766 343 862 qui
369 784 518 863 poenam
545 768 636 843 hanc
659 767 866 864 adprobavit
884 789 921 842 ea
946 765 1046 856 urlit,
1070 768 1121 846 ita
1139 771 1271 848 Refor-

64 868 157 940 matis
176 868 381 962 ingentem,
405 883 473 937 nec
495 861 640 958 injuria,
674 863 810 938 creavit
834 863 1000 939 invidiam
1024 868 1116 962 apud
1141 869 1268 947 Ponti·

64 961 172 1052 licina,
206 979 243 1034 et
278 961 459 1059 populum.
510 963 551 1034 la
591 984 634 1036 ea
672 957 812 1035 absurda
846 960 962 1036 adhuc
996 959 1064 1036 suit
1097 963 1272 1076 opinione

64 1057 278 1148 Cnnmerus,
297 1055 446 1152 antiquis
473 1055 697 1152 praejudiciis
719 1055 922 1147 fascinatus,
948 1055 1093 1132 crimina
1121 1061 1177 1136 rlla
1197 1063 1271 1138 else

63 1151 92 1226 in
115 1154 283 1229 Divinam
306 1151 549 1249 Majestatem,
574 1173 612 1226 er
637 1171 824 1250 propterea
846 1173 955 1250 aeque
979 1173 1020 1227 ac
1045 1152 1152 1230 laesae
1178 1159 1263 1234 Ma·

61 1248 180 1344 jestatis
201 1270 285 1324 teos
303 1248 505 1340 vpuniendos
527 1245 617 1340 effe,
652 1247 708 1347 qul
736 1247 785 1324 ita
817 1266 986 1344 errarunt.
1034 1245 1160 1350 Longe
1194 1276 1271 1330 ree·

66 1347 124 1420 tius
145 1346 247 1422 sensrt
272 1346 373 1436 Rex,
407 1346 482 1441 qui
506 1343 822 1420 condemnatoriam
851 1345 942 1420 hanc
967 1344 1172 1422 sententiam
1203 1348 1271 1448 sug·

65 1463 137 1516 nare
164 1442 338 1518 recusavit
364 1447 401 1516 in
428 1441 543 1528 initio,
579 1462 644 1516 nec
672 1465 717 1515 eo
742 1441 845 1530 dein,
863 1443 905 1516 ad
933 1443 1116 1518 Cranmeri
1138 1442 1270 1522 instan-

62 1541 135 1627 tias,
151 1537 318 1614 adduslus
340 1536 409 1626 est,
435 1537 497 1612 nist
521 1536 581 1610 sub
607 1538 670 1612 hac
687 1538 961 1632 protestatione:
986 1541 1067 1634 quod
1081 1538 1117 1632 fi
1140 1543 1206 1618 itae
1225 1547 1262 1618 le

64 1659 93 1708 re
114 1641 195 1710 tnale
217 1650 349 1732 ageret,
376 1651 411 1708 at
443 1638 655 1722 Crootneras,
679 1639 776 1730 cujas
792 1633 901 1731 solius
927 1642 1103 1709 autoritate
1121 1639 1270 1734 idface·

64 1747 122 1822 ret,
145 1758 251 1809 coram
275 1731 346 1806 Dea
369 1731 407 1804 dt
431 1755 465 1806 eo
498 1731 706 1825 responderet.
757 1727 860 1828 Quod
902 1731 1038 1826 quidem
1072 1735 1267 1808 Cranmero

65 1829 199 1923 aliquem
223 1825 329 1903 initio
353 1824 488 1902 incuslit
513 1847 702 1914 terrorem,
727 1827 784 1898 sed
811 1845 890 1897 eum
906 1845 976 1896 non
996 1825 1185 1916 deterruit,
1230 1829 1268 1905 ui

67 1925 338 2007 instauratam,
363 1939 436 1996 atat
451 1924 536 1996 enim
562 1925 689 2016 ingenio
712 1913 921 2018 mitifflmas,
930 1919 1030 2014 suam
1055 1944 1115 1994 noa
1140 1851 1240 2018 all}

66 2037 164 2109 tutus,
196 2023 302 2098 verba
331 2017 408 2092 sunt
441 2017 548 2107 Fosi,
582 2019 639 2092 sed
678 2017 785 2092 Ducis
819 2017 1071 2090 Nottlraorlriae
1101 2021 1262 2114 inperium

57 2113 170 2208 seratas
196 2123 375 2194 dicebatur.
428 2115 575 2190 Obicem
602 2113 703 2188 etiam
721 2114 870 2211 aliquem
898 2112 1140 2188 resornrationi
1162 2120 1266 2214 posu·

66 2233 171 2303 erunt,
197 2216 314 2288 saltem
341 2235 417 2286 eam
443 2212 594 2286 odiosam
619 2208 798 2298 fecerunt,
831 2208 935 2307 aliqui
968 2210 1183 2306 Euangelici,
1216 2213 1265 2291 fic

66 2306 159 2399 diui,
192 2311 273 2409 qui,
306 2305 469 2406 dogmate
502 2308 540 2381 in
571 2307 691 2402 primis
723 2307 767 2380 de
798 2302 1138 2399 Praedestlnarione,
1178 2329 1263 2388 tune

65 2405 138 2496 apud
162 2409 384 2484 Reformatos
405 2403 483 2477 satis
506 2423 666 2498 recepto,
693 2397 803 2489 abusr,
820 2401 1048 2492 admiserunt,
1083 2424 1131 2476 ut
1153 2409 1252 2480 vide·

66 2497 190 2590 bantur,
215 2505 360 2578 decreto
384 2498 456 2574 Dei
473 2499 542 2574 elle
566 2498 765 2588 fidendum,
800 2517 869 2573 nec
892 2499 1028 2574 netelie
1054 2498 1125 2574 elle
1149 2504 1263 2579 virtu·

68 2593 103 2666 tis
122 2595 230 2673 lludio
247 2597 461 2674 incumbere.
513 2593 629 2692 Quare
653 2597 864 2692 Hooperus,
901 2613 939 2668 et
978 2592 1057 2683 alii,
1092 2602 1261 2694 populum

66 2689 145 2765 reste
166 2697 438 2776 admonuerunt,
463 2709 500 2763 ut
520 2690 580 2764 fibi
603 2693 645 2764 ab
670 2692 721 2765 bis
740 2691 979 2765 subtilitatibus
995 2710 1132 2767 caveat.
1184 2696 1264 2772 De.
1360 2693 1366 2698 “

67 2781 153 2884 nique
176 2788 331 2867 intestini
357 2787 496 2897 quidam
519 2805 647 2898 motus·
659 2788 776 2862 exorti
801 2785 898 2875 sunt,
923 2784 964 2858 ad
986 2787 1183 2898 Papismum
1202 2817 1259 2868 re·
1325 2855 1326 2860 ,

65 2879 660 3083 lltssllzsslilislls
677 2885 852 3076 eills:
868 2891 1265 3103 slssllsrlldlllq

64 3077 255 3256 raginerii?
281 3174 338 3250 Ad
362 3169 578 3273 progrellum
600 3163 864 3246 reformationis
886 3189 918 3245 a.
947 3189 1052 3261 1550.
1077 3173 1255 3273 pertinet,

66 3267 140 3356 quod
161 3291 249 3348 nova
274 3272 386 3348 forma
400 3268 634 3350 ordinationis
649 3265 924 3364 Episcoporum,
948 3268 1254 3380 Presbyterorum,

62 3361 334 3446 etuiaconorun
357 3363 643 3452 suentensem,
668 3365 713 3440 ab
743 3360 900 3438 abusrbus
925 3359 1183 3460 superstitiolir,
1209 3391 1249 3448 et

66 3457 165 3552 uvis,
190 3465 244 3540 seu
269 3463 347 3562 post
370 3465 515 3542 seculum
541 3461 651 3538 Vtam
673 3455 902 3548 introduslis,
926 3459 1052 3553 libera,
1076 3466 1183 3561 qualia
1198 3465 1255 3541 se·

67 3567 95 3620 rs
114 3573 145 3629 et
169 3561 279 3638 adhuc
305 3562 343 3637 in
370 3562 430 3637 usu
446 3561 496 3637 ibi
514 3557 576 3634 est.
626 3555 824 3632 Uniliones
840 3553 975 3652 itaque,
1003 3555 1271 3644 sessionem-1

70 3639 483 3798 starar10m‚s1milesqae
508 3649 733 3825 “iiiiii
760 3652 838 3728 sunt
857 3651 1066 3750 abrogatae,
1092 3673 1131 3728 et
1147 3652 1277 3830 itrfiotqga'
