3000 4800
562 591 682 671 ,Serui
710 591 810 672 XVI.
1260 630 1306 704 31

70 776 186 865 uere,
210 772 411 851 luculenter
432 769 576 864 docuit,
618 791 654 848 et
682 770 934 852 demonstravit
964 774 1003 852 in
1034 776 1124 852 libro
1155 779 1198 855 de
1221 786 1305 860 antia

66 871 299 968 Monoditu,
337 873 409 945 hoc
439 871 547 944 etiam
573 891 734 966 tempore
758 875 975 968 compofito:
1009 875 1134 971 absque
1163 895 1302 969 tamen,

69 992 112 1046 at
139 989 204 1044 aut
240 967 397 1064 collegia
422 966 608 1041 hominum
631 969 670 1042 in
704 967 799 1040 casto
832 971 1003 1043 caelibatu
1040 971 1149 1044 libere
1173 976 1302 1049 viven-

67 1070 166 1140 tium
189 1064 459 1160 inprobaverit,
493 1064 640 1138 eumad
673 1064 863 1137 utilitatem
891 1063 1085 1155 Ecclesiae,
1126 1089 1165 1141 et
1190 1069 1302 1147 studia

68 1164 297 1252 excolenda,
321 1162 403 1236 illud
421 1159 501 1248 fiat,
525 1179 584 1233 aut
611 1157 800 1255 Virginum
816 1159 1055 1247 Monasteria,
1081 1165 1305 1241 redemtum
1419 1248 1422 1253 ,

71 1264 248 1337 libertate
272 1254 445 1332 instituta.
490 1255 633 1350 Scripsit
663 1277 801 1350 quoque
834 1259 906 1330 hoc
939 1257 973 1330 in
1005 1257 1087 1329 loto
1116 1259 1303 1335 refutatu»

73 1348 503 1548 {altannus
527 1350 975 1543 lutiztuiuelu
991 1353 1302 1542 {inaure

70 1547 142 1625 nili
177 1543 310 1639 gratiae
340 1501 702 1634 acoemt’auxilium,
740 1564 780 1618 et
810 1565 916 1617 omne
950 1545 1084 1618 bonum
1115 1567 1205 1641 opus
1229 1505 1302 1622 eisd

69 1662 293 1744 peccatum,
332 1639 397 1714 nifi
423 1637 496 1715 Dei
526 1636 766 1713 misericordia
793 1639 875 1713 illud
899 1641 1075 1734 agnoscat.
1124 1641 1303 1721 Notabilii

67 1738 233 1835 deniqne
262 1737 338 1833 ejur
358 1735 448 1812 liber
471 1731 523 1810 est
554 1755 677 1833 contra
704 1734 922 1810 Ambrosium
956 1734 1207 1827 Catharinum,
1242 1741 1304 1811 Se·

63 1835 220 1916 mensem
241 1828 540 1920 Dominicanum,
592 1828 685 1903 olleo
703 1830 940 1927 Episcopum,
967 1852 1056 1927 quo,
1082 1831 1206 1928 Papam
1227 1832 1305 1914 eli}

70 1918 359 2036 Antichristuru,
397 1922 460 2003 ubi
483 1855 598 2001 sumsit
621 1928 858 2037 probandum,
890 1944 925 1999 et
950 1925 987 1998 in
1019 1927 1144 2035 Curiae
1168 1932 1302 2006 Roma·

69 2050 142 2107 nae
165 2024 290 2101 abusor
310 2021 417 2099 libere
435 2022 627 2098 invehitur.
679 2022 755 2096 Alta
772 2041 885 2096 muto.
918 2020 1094 2097 Praestitit
1111 2024 1229 2123 itaque
1248 2026 1303 2100 se·

67 2126 108 2202 se
133 2123 178 2198 in
203 2121 272 2196 hae
296 2114 454 2195 custodia
477 2115 586 2193 virum
620 2118 769 2208 sortem,
812 2113 1038 2209 laboriosum,
1070 2140 1107 2192 et
1131 2121 1307 2198 Ecclesiae

67 2217 313 2305 utiliffimun,
338 2215 398 2290 sed
422 2233 460 2289 et
480 2215 648 2313 praedixit
675 2215 800 2286 bellum
827 2211 1013 2300 rusticum,
1045 2235 1191 2288 mortem
1219 2221 1302 2291 Fre‘·

70 2312 196 2393 alerici
218 2309 409 2396 unauna
439 2329 522 2384 ante
546 2314 601 2384 illa
623 2311 709 2383 mala
732 2308 935 2396 auferendi,
966 2327 1004 2379 et
1032 2311 1148 2382 Catuli
1172 2313 1223 2388 V.
1249 2312 1303 2389 int

68 2412 173 2489 felix
196 2409 232 2483 in
259 2407 394 2496 erium3
418 2426 456 2480 ut
479 2405 587 2479 resert
611 2402 886 2479 Seckendutsrus.

124 2508 163 2608 ᾖ.
190 2431 349 2581 xivfl.
382 2501 516 2575 Prodtit
549 2526 686 2614 quoque
713 2502 782 2575 huc
809 2520 968 2592 tempore
995 2499 1144 2575 Henrici
1169 2504 1298 2600 Vlla,
1396 2559 1400 2566 -

71 2604 173 2703 regia
196 2601 367 2696 Angliae,
392 2596 511 2672 saltem
537 2621 608 2694 eJur
632 2597 797 2683 nomine,
832 2594 1005 2688 singularis
1030 2601 1116 2672 libet
1142 2623 1206 2697 pro
1220 2606 1300 2698 sep·

69 2725 137 2778 unt
174 2711 434 2773 aeramentorum
454 2691 678 2780 defenuone,
706 2711 826 2765 contra
845 2693 989 2765 Lutheri
1010 2695 1133 2767 librum
1151 2698 1195 2770 de
1215 2703 1300 2794 Cup·

72 2803 214 2873 tivirate
239 2793 465 2888 Babylonita3
491 2812 560 2885 quo
586 2790 666 2862 Rex
692 2811 709 2860 a
730 2788 819 2880 Papa
838 2789 1042 2862 consecutus
1059 2791 1106 2861 est
1122 2792 1304 2886 defensoris-

72 2887 251 2986 Etcleſsae
267 2887 451 2984 superbum
467 2886 623 2974 titulum,
641 2908 743 2980 quem
760 2887 801 2955 ab
820 2907 864 2954 eo
883 2903 1042 2976 tempore
1061 2887 1297 2980 retinuerunt,

76 3016 151 3068 non
177 2985 342 3062 obstante
365 2980 636 3069 reformatione,
670 2981 818 3074 Angiiae
844 2985 981 3073 Regem
1015 2983 1072 3071 qui
1100 3005 1200 3058 antea
1226 2990 1311 3085 qui.

77 3090 158 3162 dem
185 3081 342 3177 aliquem
371 3076 531 3166 titulum,
556 3076 598 3150 ad
626 3076 823 3170 exemplum
843 3077 982 3170 Regum
1005 3075 1215 3171 Hispaniae,
1240 3085 1301 3181 qui

79 3180 274 3267 Catholici,
291 3192 329 3248 et
344 3172 498 3260 Galliae,
517 3173 576 3268 qui
594 3168 852 3267 Christianiffimi
863 3223 873 3256 ,
893 3170 1053 3259 audiunt,
1086 3172 1306 3276 ambierant,

74 3279 134 3358 sed
163 3296 242 3350 non
267 3270 544 3366 inpetraverant.
586 3267 696 3365 Julius
716 3267 782 3351 11..
809 3265 869 3361 qui
897 3289 1015 3362 regum
1046 3268 1203 3362 Galliae,
1222 3268 1303 3373 qui,

74 3383 140 3454 bur
161 3368 327 3446 infensur
347 3381 440 3453 erat,
474 3362 611 3437 titulum
635 3363 680 3438 iia
702 3359 957 3451 destinaverat,
993 3361 1153 3455 efficere,
1181 3394 1295 3451 rerum

72 3472 172 3550 facie
207 3481 364 3551 mutata,
404 3481 476 3533 uon
506 3456 558 3532 est
583 3461 691 3534 ausur.
742 3457 930 3531 Materiam
963 3458 1201 3552 disputationis
1226 3491 1305 3546 non

75 3554 318 3683 praebuerunt
336 3553 453 3653 capita
476 3575 580 3630 verae
604 3552 785 3629 duiitinae
810 3552 1045 3643 Christianae,
1072 3575 1107 3629 ut
1126 3560 1304 3640 Lutherue

74 3688 113 3743 m
137 3653 368 3756 responsione
389 3653 448 3726 sua
475 3650 720 3747 conqueritur,
744 3649 802 3722 sed
828 3650 872 3722 de
897 3649 1044 3746 Papatu,
1070 3655 1306 3737 conciliorum.

79 3757 260 3841 decretis,
283 3746 503 3838 doctoribus,
528 3747 773 3841 indulgentiis,
801 3744 1028 3844 Purgatorio,
1056 3748 1190 3843 Missa,
1205 3757 1298 3830 Aca.

81 3853 235 3944 demiir,
270 3843 361 3920 totis
394 3842 610 3933 monasticis,
650 3841 853 3940 Episcopir,
897 3839 1162 3935 traditionibus,
1205 3856 1306 3931 cultu.

78 3949 300 4029 nouorum,
324 3940 432 4017 novit
455 3940 694 4015 sacramentir:
721 3961 805 4037 quae
818 3938 955 4028 omnia,
980 3957 1140 4036 tanquam
1162 3944 1244 4018 fidei
1265 3963 1311 4022 et.

83 4039 456 4156 tligiouitsummam
472 4036 631 4117 defendit
645 4036 747 4126 Rex,
773 4033 849 4113 stilo
871 4054 1010 4140 quoque
1035 4037 1111 4114 usur
1133 4041 1302 4116 acerbisll·

663 4133 700 4215 D
721 4153 749 4232 4
1233 4156 1313 4213 mo..
