3148 4434
474 259 477 266 Ι
524 165 629 244 Secti.
660 163 762 242 XVI.
823 221 854 254 ,-
1191 203 1268 282 415

44 349 281 448 Euangelicis,
296 350 372 446 'per
395 369 514 422 omues
539 343 750 455 feredRegni
774 345 997 440 Provincias,
1022 369 1062 424 ut
1079 350 1261 450 Aureliae,

45 445 275 542 Lugdunum,
314 447 496 534 Valentia,
531 442 805 540 Gratianopolis,
838 447 1100 545 Rotomagum,
1134 453 1262 530 Bituri-

46 542 117 636 gis,
140 547 353 630 Avaricum,
381 543 582 628 Turonum,
610 541 820 626 Pitlavium,
853 543 1150 638 Monlpeliulum,
1183 549 1260 623 Ne·

47 641 213 730 uitulum,
249 661 289 712 et
314 637 397 711 aliae
424 641 548 734 plures.
597 639 662 710 Sed
690 655 879 730 occupatae
904 659 972 710 non
998 657 1133 715 tantum
1161 646 1260 739 sunt,

46 753 181 826 verum,
207 737 303 832 quod
330 735 531 818 dolendum,
560 755 625 826 pro
649 733 840 826 inportuno
871 731 930 804 suo
955 737 1051 827 zelo,
1087 737 1123 811 iu
1147 741 1261 818 multis

50 851 181 926 quoque
205 853 331 904 manus
346 833 388 903 ab
403 828 631 924 imaginibus,
652 849 688 900 et
714 827 808 899 sacris
827 827 1040 922 pontificiis,
1067 855 1137 907 non
1156 835 1260 912 absti-

47 945 208 1018 nuerunt,
235 923 354 999 invito
378 944 415 996 et
441 942 612 998 renuente
638 924 821 995 Condaeo:
848 926 938 1018 quod
963 927 1042 1022 ipsrs
1071 931 1259 1024 plurimum

46 1022 179 1112 nocuit,
213 1043 297 1095 cunt
321 1040 358 1094 et
388 1020 453 1115 ipli
477 1019 625 1093 edietum
654 1017 823 1116 Januarii,
858 1021 950 1114 quod
975 1022 1075 1096 armis
1099 1048 1279 1121 praeterr-..1
1360 1037 1365 1044 '

46 1115 163 1192 debant
190 1119 226 1192 se
254 1118 345 1190 tueri
370 1119 479 1203 velle,
506 1117 729 1188 violaverint.
783 1113 1091 1205 Aestate-urbibus
1117 1119 1259 1214 capieu·
1302 1150 1305 1158 ’

47 1215 114 1302 dis,
137 1233 173 1285 et
198 1210 465 1308 recuperandis3
490 1212 651 1306 utrinque
676 1209 839 1296 insumul,
866 1207 1068 1286 Navarraeo
1085 1214 1120 1288 in
1141 1213 1257 1291 Roto-

50 1311 133 1406 tttagi
166 1303 334 1408 (Rouen)
360 1309 624 1404 oppugnatione
654 1308 772 1379 lethali
801 1303 871 1378 ictu
901 1309 1098 1399 vulnerato,
1125 1332 1162 1383 et
1186 1315 1258 1389 Lu·
1320 1401 1322 1406 ,

51 1423 150 1477 tetrae
180 1404 267 1478 dein
296 1425 456 1492 mortuo,
490 1402 629 1473 Lutetia
653 1401 776 1476 frustra
800 1403 842 1474 ab
866 1403 1082 1500 Euangelicis
1106 1407 1253 1502 abscisa,

48 1519 230 1598 pugnatum
267 1503 406 1573 tandem
441 1496 491 1571 est
526 1499 653 1569 Menl'e
687 1499 872 1571 Decembr.
908 1499 948 1570 ad
975 1502 1195 1600 Druydaruar
1219 1530 1253 1580 a·

49 1620 137 1692 grum
161 1597 196 1668 in
224 1593 410 1667 Provincia
435 1591 670 1668 Nortmandia
687 1593 814 1688 aequali
833 1591 905 1666 fere
922 1616 1049 1685 marte,
1077 1617 1113 1671 et
1134 1600 1256 1676 utrius·

51 1715 108 1786 que
138 1695 248 1784 partis
280 1711 401 1784 magna
432 1691 547 1772 clade,
584 1691 753 1782 usquead
779 1687 860 1759 nilo
894 1691 949 1759 vel
979 1711 1108 1764 novem
1138 1695 1254 1776 millia.

53 1784 111 1858 Sed
139 1787 321 1858 Condaeus
345 1809 362 1856 a
390 1783 533 1870 Guiliis,
569 1779 820 1854 Connestabiiis
846 1782 888 1853 ab
916 1783 1133 1880 Euangelicis
1157 1792 1253 1883 capi.

50 1899 112 1968 tur,
150 1881 446 1958 Santaudraeauus
480 1874 661 1950 occiditur.
718 1875 850 1951 Guisrus
886 1877 987 1966 Dux,
1024 1883 1103 1951 dum
1143 1883 1257 1977 copiis

52 1975 226 2050 instauratis
270 1994 449 2072 oppugnat
493 1970 667 2061 Aurelius,
700 1997 719 2046 a
751 1971 922 2045 Poltrotio
962 1973 1110 2049 Meraeo
1140 1979 1255 2052 milite

54 2072 170 2144 nelarie
193 2069 245 2146 est
277 2092 435 2145 necatus:
460 2068 534 2162 qui,
560 2089 645 2163 pace
670 2067 782 2152 sabla,
815 2067 913 2164 gravi
933 2066 982 2140 est
1005 2071 1158 2148 adfectus
1176 2075 1254 2172 sup·

55 2169 160 2261 plicia.
211 2167 350 2267 Quibus
383 2163 547 2257 peractis,
584 2185 650 2257 pax
684 2165 823 2238 tandem
845 2165 894 2236 est
919 2164 1023 2254 inita,
1059 2189 1096 2240 et
1121 2191 1255 2248 novum

54 2265 218 2338 e..·ndirurn
241 2262 396 2336 editlutn
421 2259 538 2333 Mens.
564 2259 673 2331 Mart.
700 2284 729 2335 a.
760 2265 886 2350 1562„
912 2259 994 2334 inde
1014 2265 1179 2338 Martiam
1195 2269 1254 2342 ad·
1322 2319 1327 2332 .

57 2361 223 2452 pellatam,
285 2380 347 2438 uo,
374 2353 492 2428 edicto
517 2354 669 2452 Januarii
695 2355 794 2432 valde
807 2353 985 2444 restricto,
1011 2358 1120 2454 aliqua
1136 2381 1253 2438 tamen

57 2455 161 2528 relidit
184 2452 235 2528 est
257 2382 477 2546 inargeticis
500 2450 670 2559 libertas..
693 2449 890 2558 Religionis
916 2451 1011 2524 enim
1043 2455 1250 2535 exercitium

60 2545 181 2644 iugulis
211 2547 264 2622 est
295 2545 491 2620 concellum
517 2548 553 2619 itt
577 2545 736 2618 domibus
761 2547 848 2632 sors,
872 2546 1063 2622 Nobilibus
1088 2550 1124 2622 in
1147 2554 1253 2647 aulis,

60 2643 137 2734 aliis,
163 2645 322 2742 pleniore
345 2639 572 2737 gaudentibus
592 2642 851 2736 jurisdictione,
878 2639 1088 2736 insedibus,
1108 2669 1184 2720 cum
1203 2649 1252 2723 sa·

61 2739 139 2814 nilia
161 2759 196 2816 et
224 2737 377 2814 subditis.
428 2735 591 2832 Denique
621 2738 780 2810 omnibus
811 2736 843 2806 in
870 2735 1024 2824 urbibus,
1061 2765 1149 2837 quae
1173 2745 1254 2819 reli.

62 2833 157 2924 giunis
183 2832 394 2912 exercitium
428 2831 621 2904 habuerunt
653 2851 733 2903 ante
765 2829 924 2902 Vllrrrarrt
957 2833 1084 2924 Mart,
1117 2859 1254 2934 praeter

63 2929 146 3022 alias,
176 2954 265 3030 quae
297 2929 334 3002 in
364 2927 502 3021 stragulis
529 2923 757 2999 Praefodiuris
787 2923 982 3022 adsignatae
1017 2929 1113 3025 sunt,
1144 2934 1255 3011 admi·

64 3021 199 3102 nistratln
223 3021 401 3120 religionis
426 3020 521 3093 foret
543 3022 668 3106 libera.
694 3020 853 3111 exeeptis
878 3019 1019 3098 Parisiis.

104 3121 131 3218 i.
153 3119 408 3197 ccccxvttt.
432 3117 550 3190 Rebus
573 3116 621 3191 ita
646 3114 876 3212 componor„
899 3117 1022 3227 religio
1047 3121 1255 3203 Reformata

69 3235 120 3310 pet
136 3215 331 3292 Provincias
354 3212 496 3308 Regni,
521 3213 602 3286 alias
627 3215 754 3308 magis,
781 3209 860 3284 aliar
888 3233 1020 3304 manus,
1048 3241 1110 3312 pro
1137 3221 1252 3296 diver·
1406 3263 1411 3272 ·

66 3309 99 3382 iu
121 3310 362 3387 Praeleblorum
387 3309 525 3394 animo,
551 3309 795 3394 exercebatur,
823 3307 987 3406 brevique
1012 3311 1176 3412 Regnum
1195 3341 1256 3393 oc.

68 3423 214 3498 cupatura
245 3407 442 3483 videbatur.
493 3403 561 3478 Sed
592 3425 658 3500 pax
693 3425 761 3478 nec
784 3401 910 3478 sincera
936 3403 1024 3501 fuit,
1058 3414 1254 3490 animorum

72 3503 315 3582 &acerbatione
346 3515 530 3600 manente,
566 3521 633 3573 nec
663 3494 840 3588 diuturna,
867 3499 949 3596 quin
973 3525 1002 3578 a.
1031 3513 1135 3595 1568.
1161 3506 1259 3582 ina·

74 3611 217 3688 *vertum
255 3597 369 3678 rursus
400 3591 515 3694 erupit
545 3594 683 3769 belpufup.
736 3597 877 3680 Praeter
910 3619 1011 3697 vagas
1037 3601 1258 3770 populpriptn

687 3712 712 3784 4
1159 3715 1251 3791 ‘Ut
