3170 4430
260 215 333 290 502
651 183 801 285 inflatia
824 183 955 285 Erties.
981 181 1094 315 Ciuili.

269 369 357 448 aredi
377 363 498 463 potest,
530 361 643 460 inquit
673 365 791 462 Eques
828 367 980 442 Polontts
1012 367 1048 440 iu
1076 365 1151 441 nita
1175 362 1321 456 Socini,
1359 359 1497 464 periture

271 485 379 552 meta,
397 461 470 558 fine
485 465 641 536 taediari
653 466 795 554 purioris
818 461 1027 558 iinologr’ae,
1050 480 1083 536 ee
1102 465 1307 557 linguarum,
1321 466 1436 559 lindio
1451 466 1497 532 it-

274 557 688 657 censue,eieoex1taiia
715 560 749 632 in
775 560 959 634 Heluetium
986 575 1084 654 atque
1108 561 1314 634 Germaniam
1342 553 1497 653 canorffit

272 681 304 734 a.
334 677 459 750 1547„
486 675 584 726 natus
610 673 742 728 tantum
773 676 815 729 at
844 677 961 729 annot.
1010 654 1182 730 Narratur
1202 656 1347 751 quidem
1376 659 1421 728 in
1447 657 1500 727 at·

274 755 387 830 iriioeie.
413 753 704 836 Anti-trinitaria,
730 750 839 846 ipsum
869 774 948 825 cum
974 748 1080 825 sociis
1105 751 1202 825 Italis
1224 755 1323 848 inpra
1380 753 1501 824 uadra·

274 849 393 946 ginta,
427 850 524 920 inter
554 869 641 942 quos
671 845 813 920 fuerunt
838 846 1071 921 Bemardinue
1095 848 1275 938 Ochinut,
1298 865 1336 920 et
1410 850 1504 921 alen·

273 947 366 1018 tinus
400 939 575 1030 Gentilis,
616 939 765 1039 collegia
798 960 836 1015 et
871 939 1043 1038 colloquia
1076 941 1257 1017 instituisse
1290 944 1327 1016 in
1362 943 1500 1016 ditione

277 1041 423 1116 Veneta
446 1059 475 1112 a.
502 1043 607 1126 1546.
634 1038 680 1110 de
703 1039 896 1134 reiigione,
923 1041 958 1110 in
985 1042 1099 1132 quibus
1122 1036 1316 1134 pon'ffinurn
1339 1041 1500 1134 dogmata

274 1139 431 1231 uulgaria
462 1135 500 1206 tie
541 1131 726 1222 Trinitare,
760 1151 793 1206 et
826 1133 945 1227 Cirrilii
968 1132 1206 1230 satisfactione
1226 1137 1333 1232 iusque
1356 1136 1499 1224 limiir'a,

277 1237 314 1306 in
338 1235 468 1306 dubium
501 1235 716 1304 renutabam:
742 1249 912 1324 coquere
935 1231 1046 1324 palam
1073 1229 1184 1318 faita,
1211 1231 1308 1326 gravi
1332 1231 1499 1327 persecu·

276 1331 376 1400 tione
402 1349 463 1397 eos
492 1323 591 1396 fuisse
617 1326 782 1411 obrutos,
808 1325 1008 1418 quibusdum
1033 1326 1134 1398 etiam
1159 1326 1275 1421 capite
1297 1328 1432 1423 plexis,
1464 1343 1498 1397 et

277 1423 329 1499 ita
361 1415 549 1512 dispersos:
581 1414 637 1489 sed
669 1439 816 1513 quorum
849 1421 1038 1493 veritatem
1067 1421 1236 1515 praestare
1268 1445 1339 1496 non
1375 1422 1497 1496 aufim:

279 1519 325 1590 de
348 1512 493 1588 Ocitino
517 1511 656 1608 utique,
682 1513 740 1608 qui
766 1535 795 1586 a.
825 1535 932 1604 1542·
964 1515 1096 1588 Italiam
1118 1515 1189 1612 jam
1215 1519 1390 1606 deseruit,
1416 1515 1494 1590 iliud

279 1610 402 1688 falsum
435 1605 508 1698 est,
542 1629 610 1680 nec
641 1607 684 1680 de
716 1605 846 1682 Socino
873 1605 1044 1684 societatis
1072 1615 1230 1685 membro
1258 1613 1388 1710 aliquid
1412 1635 1494 1687 con·

276 1707 356 1782 stat.
404 1705 489 1780 Nec
515 1723 652 1795 tamen,
677 1703 878 1780 societatem
906 1705 1053 1800 aliquam
1068 1705 1307 1794 eruditorum,
1332 1709 1373 1782 ad
1390 1708 1493 1781 refor-

281 1803 476 1881 mationem
503 1798 734 1894 spectantem,
769 1799 819 1876 ibi
843 1799 963 1888 fuine,
989 1801 1205 1896 inprobabile
1229 1804 1319 1876 mihi
1344 1803 1488 1878 videtur.

331 1901 363 2000 ς.
388 1897 641 1972 CCCCXCVI.
667 1897 819 1970 Proxima
841 1898 1066 1989 quadriennio,
1093 1919 1138 1970 ex
1164 1923 1234 1994 quo
1256 1900 1356 1974 Italia
1373 1898 1487 1974 disces·

278 1997 342 2082 stt,
362 1990 473 2085 inquit
490 2012 591 2063 autor
609 1991 704 2064 vitae
723 1988 864 2079 Socini,
891 1993 1055 2080 Galliam,
1072 1993 1299 2082 Britanniam,
1325 1997 1486 2090 Belgium,

284 2091 495 2164 Germaniam
526 2082 726 2179 nniversam,
761 2085 863 2178 ipsam
885 2111 1000 2182 quoque
1024 2091 1208 2178 Paioniam,
1240 2093 1382 2182 emensus
1406 2092 1483 2184 apud

280 2185 449 2262 Heluetios
472 2177 705 2273 Tigurisedem
722 2179 818 2274 fieir.
867 2185 971 2256 Carus
995 2185 1212 2280 Principibus
1234 2186 1324 2276 fuit,
1349 2206 1385 2260 et
1410 2209 1481 2261 cum

282 2280 402 2356 multis
433 2273 628 2369 Theologis
651 2275 843 2351 amicitiam
868 2281 1059 2369 contraxit,
1093 2303 1133 2354 ac
1158 2281 1350 2357 litterarum
1372 2281 1480 2358 habuit
1562 2293 1565 2362 t‘

279 2369 556 2460 commercium,
591 2388 629 2441 ut
661 2372 827 2459 Calvino,
856 2373 1130 2466 Melanthtone,
1155 2379 1370 2474 Buliingero,
1392 2377 1478 2452 Mus·
1564 2405 1566 2497 p

283 2473 385 2560 culo,
412 2465 588 2554 Zanchio,
612 2467 722 2554 Beza,
747 2465 959 2558 castalione,
993 2473 1088 2558 aliis,
1116 2473 1303 2562 opiniones
1328 2477 1395 2548 inas
1412 2473 1474 2570 pri·

282 2591 345 2642 vas
370 2565 562 2660 prudenter
588 2579 727 2656 tegens,
753 2583 821 2635 nec
843 2561 907 2635 nist
931 2565 1182 2661 interrogando
1207 2587 1243 2640 et
1268 2569 1475 2666 disputando,

284 2659 375 2776 quast
408 2660 515 2732 doceri
546 2673 695 2750 raperer,
728 2679 765 2732 ut
795 2661 909 2754 inquit
942 2661 1127 2737 Zancitius.
1177 2663 1255 2760 Qua
1294 2664 1475 2740 rationein
1564 2734 1565 2752 ,

282 2759 352 2836 tilis
383 2755 520 2852 quidem
555 2753 765 2848 suipeiium,
793 2755 948 2828 nondum
981 2777 1099 2832 tamen
1131 2759 1310 2851 odiosum,
1333 2761 1477 2836 reddidit.

282 2852 449 2930 Calvinus
471 2851 573 2922 etiam
591 2875 669 2923 eum
696 2851 785 2924 serio
809 2851 1009 2939 admonuit,
1036 2877 1082 2927 eo
1104 2876 1184 2932 curn
1208 2854 1322 2932 frunt
1340 2875 1476 2947 tantum,

284 2972 325 3026 ut
348 2945 629 3038 circumspectior
659 2945 764 3020 suerit
788 2945 917 3032 factus,
942 2947 1069 3022 litteris
1096 2948 1138 3024 ad
1164 2973 1245 3024 eunt
1271 2952 1369 3041 datis,
1400 2973 1474 3046 qua·

283 3069 360 3122 rum
392 3041 555 3116 meminit
585 3061 685 3114 autor
715 3044 811 3116 vitae
836 3043 974 3133 Socini,
1006 3044 1126 3138 quibus
1151 3067 1232 3120 eum
1256 3045 1473 3142 reprehendit,

284 3163 323 3216 et
358 3140 449 3213 inter
479 3137 541 3210 alia
575 3138 684 3221 dicit;
715 3140 795 3232 quod
813 3140 937 3230 pridem
960 3139 1097 3234 reflatus
1111 3141 1208 3236 sum,
1234 3147 1350 3218 iterum
1371 3167 1479 3235 monet,

282 3236 349 3326 nist
371 3239 454 3313 itanc
477 3235 648 3328 quaerendi
674 3237 834 3326 pruritum
859 3253 986 3309 mature
1007 3241 1171 3331 corrigas,
1198 3245 1395 3315 metuendum
1411 3239 1478 3338 effe,

285 3356 324 3406 ne
355 3333 416 3400 ribi
445 3331 565 3420 gratia
599 3343 758 3401 tormenta
789 3331 950 3426 accersas.
997 3335 1157 3426 Scriptae
1191 3335 1266 3408 sunt
1298 3339 1428 3412 litterae
1454 3359 1477 3412 a.

289 3449 395 3520 1552.
445 3425 523 3518 Qua
556 3420 737 3494 occtfione
769 3425 884 3520 Eques
916 3427 979 3500 iste
1002 3429 1151 3503 Poionus
1175 3431 1267 3505 hanc
1291 3434 1478 3528 prudentiae

207 3609 212 3618 1
286 3526 440 3624 reguiam
465 3521 646 3604 inculcat,
652 3515 784 3614 stiam,
809 3545 884 3616 quor
908 3527 1011 3598 nimia
1037 3529 1106 3598 ueri
1129 3529 1265 3604 libertas
1291 3537 1324 3604 in
1350 3531 1479 3624 pericula

281 3623 378 3728 saepe
403 3619 624 3718 intempestiua
645 3621 846 3717 praeripitur
854 3673 864 3714 ,
890 3619 1127 3722 ipsam-illam,
1158 3649 1255 3720 quam
1275 3645 1478 3722 propugnant,

268 3739 275 3753 “
346 3759 352 3772 ·
866 3765 871 3774 ·
934 3767 943 3782 ·
1312 3726 1482 3806 raritatem,
