3148 4434
303 233 377 324 446
702 217 852 323 Ihflutie
875 221 1144 323 EctsessCsrrifi.

308 427 349 482 et
372 405 494 480 horum
519 401 620 478 Ham
643 401 809 492 nothart,
836 411 994 498 ⁸·1565·
1019 401 1308 504 compromiffio,
1331 395 1494 486 utdieiur,

307 501 399 578 faeta
430 498 482 574 est
520 500 565 573 ad
597 499 680 574 issud
713 501 924 590 tollendum,
957 499 1130 599 utriusque
1161 501 1274 598 partia
1301 523 1334 573 a.
1359 502 1450 588 15⁶7·
1468 493 1498 564 iu

311 603 399 672 duos
426 594 596 679 arbitror,
630 593 791 693 utrinque
824 595 972 686 electos,
1005 599 1209 694 Johanoem
1235 593 1499 672 Wissemsoonet

308 695 526 768 Lubbertum
547 691 793 800 ceraunon.
853 693 921 766 Sed
962 696 1123 786 Mandri,
1162 696 1226 768 seu
1260 688 1450 782 Viamingi,
1474 683 1498 754 iu

310 789 503 877 sententia,
535 790 617 862 hcet
648 791 738 866 bona
769 789 838 862 side
870 789 1120 884 pronunciata,
1153 813 1232 866 uon
1264 787 1500 882 requieverunt

307 887 402 958 unde
427 903 567 958 mutuae
596 904 694 958 natae
719 883 795 958 sunt
817 883 1073 976 accusationes,
1108 886 1272 961 Fiandrir
1293 882 1440 980 judicet,
1460 896 1501 944 ἑο·

308 1002 457 1076 tumque
488 980 616 1066 fidem,
649 999 687 1054 et
710 979 823 1054 Frisiis
844 1003 983 1078 ruptam
1008 1005 1149 1078 pacem,
1177 1001 1216 1055 et
1242 979 1440 1077 perjurium,
1460 991 1499 1040 ex·

310 1078 554 1248 frobrantibur
575 1073 779 1152 adversariis
801 1075 889 1164 suit,
916 1075 1010 1152 samus
1037 1080 1072 1154 in
1097 1100 1236 1152 tautum
1264 1073 1447 1150 exarserunt
1461 1089 1501 1136 ze·

325 1195 423 1262 otae,
451 1194 489 1246 ut
510 1193 575 1244 nec
593 1195 658 1244 una
677 1174 745 1256 ire,
772 1175 967 1265 ambulare,
993 1175 1117 1264 edere,
1146 1196 1209 1248 aut
1233 1171 1326 1268 ioqui
1346 1163 1498 1244 voluerint.

313 1269 427 1368 Quam
463 1269 598 1342 suorum
636 1267 816 1362 perfidiam
849 1291 917 1341 non
946 1271 1098 1344 serentes
1122 1273 1217 1344 haud
1245 1267 1346 1366 pauci
1373 1259 1498 1340 Fsandrsr

308 1367 418 1438 etiam
446 1361 509 1459 ipsr
535 1363 673 1446 arbitri,
700 1363 735 1436 se
759 1363 872 1436 Frisiis
887 1366 1116 1440 adsociatunt.
1167 1364 1299 1440 Exorti
1315 1361 1411 1436 etiam
1428 1353 1497 1434 suut,

310 1461 371 1632 Fui
400 1461 554 1554 priorum
588 1455 729 1532 schisma
763 1467 832 1534 non
860 1463 1118 1554 adprobabant,
1150 1461 1343 1554 omnesque
1366 1458 1400 1529 in
1425 1467 1497 1523 unm

328 1555 517 1628 ocietatem
543 1558 734 1648 cogebant,
760 1553 845 1628 dicti
871 1557 1111 1646 Watersaodi,
1135 1560 1242 1634 etiam
1260 1575 1380 1630 coetus
1399 1549 1495 1642 Jobau·

312 1650 367 1726 uis
397 1650 441 1722 de
470 1651 574 1738 Ries,
606 1670 642 1722 et
668 1671 792 1724 coetus
825 1653 929 1734 uniti,
962 1677 990 1726 a.
1022 1675 1148 1745 1555,
1175 1675 1303 1728 autore
1328 1651 1494 1723 Hermanno

313 1749 581 1834 Tinmemm,
608 1749 663 1842 qui
693 1749 858 1842 martyrio
885 1754 973 1822 inter
1001 1751 1248 1845 Anabaptistaa
1271 1727 1491 1822 coronatores

308 1845 533 1938 ‚bntvetpiae
560 1869 590 1920 a.
619 1853 724 1934 1569.
773 1845 944 1920 Nonnulli
967 1845 1096 1933 etiam,
1122 1870 1193 1940 quo
1219 1845 1256 1918 se
1273 1850 1434 1920 verterent
1451 1827 1491 1897 dh

305 1943 364 2018 bii
376 1997 385 2030 ,
398 1941 604 2014 transierunt
621 1939 662 2012 ad
678 1943 819 2023 domurn,
839 1944 894 2013 ves
904 1941 1098 2035 familiam,
1114 1947 1258 2032 autoris,
1285 1939 1329 2014 de
1343 1955 1401 2031 quo
1415 1939 1488 1999 ffl⁰¹²

308 2037 387 2122 imo
415 2036 510 2108 vane
535 2037 618 2106 dein
644 2035 747 2128 hujua
771 2034 818 2106 rei
845 2049 940 2108 causa
966 2037 1066 2110 diursr
1093 2040 1169 2110 sunt
1186 2034 1365 2110 charitatis
1381 2045 1412 2100 et
1429 2017 1488 2092 tuse·

309 2131 442 2206 tantiae
467 2129 575 2200 nescii
602 2129 772 2202 homines.
826 2131 911 2206 Vid.
941 2135 985 2204 de
1012 2134 1255 2208 hisumnibue
1279 2125 1392 2204 Brund.
1534 2117 1535 2150 ³

361 2226 393 2324 h.
419 2223 691 2297 CCCCXLVss.
724 2223 870 2297 Novum
905 2251 1010 2321 porro
1046 2228 1189 2302 schisma
1212 2253 1254 2304 a:
1277 2227 1376 2315 1586.
1396 2217 1485 2289 Franc-

307 2341 435 2420 querae
460 2319 627 2413 produxit
650 2339 743 2392 emta
769 2324 891 2394 domur
917 2347 935 2395 a
960 2322 1098 2398 Pastore
1116 2347 1238 2398 eorum
1263 2313 1482 2396 Thoroossffls’

308 2419 415 2505 kene,
442 2438 541 2509 quam
570 2415 764 2488 emtionem
788 2417 968 2506 nonnulii,
994 2439 1156 2514 tanquam
1182 2425 1271 2496 masa
1292 2403 1476 2491 fitentur,

307 2514 542 2599 damnabant,
567 2510 625 2582 alii
653 2510 905 2599 defendebant,
934 2536 1078 2609 quorum
1105 2517 1142 2588 bi
1159 2517 1361 2610 babinpere,
1383 2498 1476 2576 sendo·

312 2635 391 2688 tout
414 2625 562 2681 emtores
572 2641 584 2692 ,ν
605 2605 652 2680 issi
681 2610 978 2703 tegenhnissroperm
1003 2614 1194 2706 nuncupati
1219 2616 1316 2699 sont,
1340 2585 1478 2695 sedetse-

308 2729 392 2782 eum
424 2703 529 2780 scissr:
564 2705 606 2776 ab
635 2705 784 2800 utrisque
815 2705 957 2801 separati
991 2730 1168 2798 praeterea
1191 2707 1289 2794 sunt,
1315 2697 1367 2800 qui
1386 2701 1478 2764 enno·

307 2825 393 2880 uem
424 2799 561 2893 quidem
597 2801 846 2892 inprobabant,
882 2802 935 2876 sed
968 2801 1110 2878 schisma
1146 2807 1324 2892 notebmr,
1359 2776 1480 2866 rrutrtsts

310 2896 484 2993 adpessati.
535 2897 634 2970 Circa
673 2896 767 2972 idem
803 2897 878 2968 sere
914 2916 1052 2990 tempor
1094 2899 1289 2975 miserabile
1325 2895 1454 2980 ortuof
1533 2943 1534 2952 ,

307 2991 457 3077 schisma
485 2991 662 3078 Harsemi,
695 2991 874 3068 oecafione
899 2994 1060 3090 alicujus,
1085 2998 1142 3094 qui
1167 3001 1304 3091 puessae
1325 2965 1473 3063 musso

309 3087 565 3170 contrectasset.
623 3089 730 3186 Quod
764 3090 897 3162 facinus
927 3089 982 3164 asii
1016 3090 1363 3167 excommunicatione
1382 3063 1471 3143 '⁰¹⁰⁶'

307 3209 390 3262 tunt
417 3185 655 3270 vindicatum,
690 3185 745 3258 asii
772 3187 988 3261 recusarunt:
1022 3211 1168 3281 quorum
1196 3173 1476 3282 posteriorttsms'

307 3303 407 3356 terea
444 3283 482 3354 de
523 3279 765 3370 borlientosltrt
802 3282 993 3378 nuncupati
1037 3283 1124 3359 sunt.
1185 3285 1270 3360 Vid.
1301 3263 1473 3362 onesimo

307 3377 468 3463 Lexico,
498 3376 534 3446 in
567 3377 913 3482 ¹Matrrthissoiret,·et
948 3380 1149 3454 Mscracsius
1181 3384 1218 3454 in
1250 3385 1401 3476 syntagm·
1422 3337 1475 3437 hs·

307 3472 435 3569 Eccsts.
486 3473 670 3563 Denique,
704 3495 748 3544 ne
772 3474 868 3566 plura
899 3473 1020 3550 similia
1044 3475 1187 3553 discidia
1208 3485 1398 3551 memoretur
1417 3455 1472 3518 ΜΝ

305 3575 403 3668 inter
429 3568 659 3644 Mennnnitns
690 3566 809 3665 aliquis
833 3569 987 3663 fregerat
1011 3575 1160 3663 tabulae,
1192 3593 1229 3648 et
1254 3571 1350 3646 fidem
1374 3538 1473 3626 fefesse·

301 3691 377 3764 rat,
404 3695 460 3748 ern
484 3669 721 3770 borthttoetier,
751 3689 848 3742 novo
873 3689 956 3744 mox
981 3668 1173 3750 schismate
1190 3667 1296 3747 divisi
1316 3638 1477 3820 suffla
