3098 4436
479 259 485 270 ·
578 209 687 293 secut.
709 202 812 294 XVI.
1237 233 1317 319 ayn

77 393 147 473 tio.
202 388 359 470 Schisma
390 406 479 470 veto
512 392 704 492 praecipue
725 391 842 490 erupit
863 391 907 470 sb
930 413 961 472 a.
989 391 1120 488 1552,
1143 413 1213 495 quo
1239 395 1305 493 Sy.

76 489 197 569 nodus
229 491 401 566 saxonica
441 487 649 564 Cibiniensrs
671 512 822 564 canones
848 513 912 586 pro
944 488 1145 588 Augustam
1167 491 1306 568 tonscs·

80 588 205 678 stone,
226 588 301 684 ejus
326 583 507 683 apologia,
533 603 680 687 utroque
703 585 916 668 catechismo
934 585 1102 680 Lutheri,
1127 607 1164 662 et
1179 587 1308 664 articu-

82 685 129 760 iis
165 682 415 774 Smalcaldicis,
450 680 613 756 condidit
648 703 808 779 tanquam
849 681 947 758 libris
976 682 1186 780 symbolicis.
1244 686 1305 760 Ass

84 781 308 854 attererem
332 797 431 874 patre
456 777 545 852 nihil
569 797 639 851 non
670 801 735 874 pro
766 778 958 854 Helvetico
978 774 1196 855 confeffione
1227 801 1307 854 moa

83 873 172 949 litus
202 873 252 949 est
289 873 346 949 vir
378 893 523 972 magnae
552 873 743 948 autoritatis
775 893 812 949 et
853 877 1097 972 eloquentiae,
1131 879 1307 951 Martinus

86 969 360 1047 Colmancdasas.
411 969 514 1072 Quod
538 969 580 1043 ad
605 969 777 1066 posterius
799 969 956 1060 adtinet,
986 969 1180 1070 Francsstus
1202 975 1306 1046 Stan-

85 1089 206 1157 turus,
239 1067 474 1158 Mantuanus,
510 1065 717 1161 Theologus
741 1086 779 1140 et
803 1065 1005 1144 Medicinae
1029 1069 1185 1158 Dostor,
1210 1067 1307 1142 fave

87 1167 148 1240 bat
177 1157 319 1260 quidem
352 1161 387 1237 in
418 1183 458 1235 se
492 1163 748 1238 sscrumenturia
778 1161 1015 1254 Reformatis,
1047 1163 1106 1238 scd
1138 1163 1324 1256 invidiam

85 1259 169 1354 ipsus
196 1279 440 1354 perversorem
474 1259 570 1330 suum
596 1259 749 1349 cressit,
785 1281 886 1356 quern
915 1259 1042 1356 ubique
1066 1259 1101 1332 in
1131 1259 1309 1354 Hongttia

86 1355 208 1453 sparstt
230 1371 266 1425 ct
290 1351 540 1452 Transylvania
562 1375 593 1429 a.
621 1375 747 1448 1553„
773 1357 817 1429 de
840 1354 978 1432 Christo
1003 1379 1074 1429 non
1102 1353 1164 1429 nist
1187 1357 1309 1428 secun·
1459 1425 1462 1428 .

86 1456 171 1560 dum
199 1451 385 1560 humanam
408 1469 565 1568 naturam
587 1455 789 1528 mediatore.
837 1451 895 1525 De
919 1475 988 1551 quo
1004 1449 1125 1551 postea
1140 1453 1175 1525 in
1199 1451 1308 1525 histo·

87 1547 436 1751 nasitiigiiiiisxls.
479 1639 616 1714 Interea
657 1639 791 1713 causam
832 1641 1092 1750 reformationis
1124 1613 1308 1755 insigniter
1350 1656 1367 1688 ‘⁴

93 1735 1309 1999 {isiciis}dissiti*‘sisinii13³⁰}iiiss¹¹⁸r¹¹rii¹gin¹t¹bissssl

93 1928 198 2008 rioris
231 1927 428 2034 civitatibus
459 1926 590 2008 suberis,
611 1923 793 2036 Qassovien
830 1923 1087 2020 ,Bartphenfi,
1113 1923 1310 2035 Epperjcsr·

94 2027 188 2116 ensi,
214 2021 522 2132 Leutschousenss,
539 2042 577 2134 et
596 2019 802 2132 Ctbsntensi,
827 2041 1006 2134 praeterea
1022 2019 1155 2116 Sepusn
1173 2022 1313 2134 opptdra

95 2121 289 2210 tredecim,
324 2139 361 2192 et
395 2115 571 2191 rnfetrons
600 2117 804 2212 Hungarrae
835 2119 986 2214 sisquot,
1018 2136 1057 2189 ut
1089 2117 1310 2210 Posonrenfi,¹

94 2217 341 2316 Sopronienss,
365 2233 404 2286 et
430 2211 525 2290 aliis:
551 2211 654 2310 Quod
682 2235 838 2305 a.1459.
863 2212 992 2288 fanum
1018 2211 1081 2287 est.
1110 2214 1216 2303 Sed,
1245 2215 1311 2311 Sy*

93 2317 193 2392 nodo
225 2310 467 2404 Tzengerint,
494 2329 523 2382 a.
552 2329 657 2400 1557.
683 2327 720 2381 et
749 2317 854 2402 1558.
879 2311 1052 2384 celebrata
1079 2331 1099 2382 a
1122 2309 1313 2385 Reforma·
1451 2313 1454 2318 '

93 2417 156 2498 tis,
185 2408 309 2481 nobilis
330 2406 384 2479 issa
402 2403 611 2478 concinnata
634 2419 671 2476 et
697 2401 895 2480 introdusit
919 2402 970 2478 est
990 2383 1182 2496 conseffio,
1209 2404 1314 2501 quin·

95 2506 259 2606 quaginta
281 2502 363 2575 duas
387 2499 571 2667 tomlpsexa
592 2499 866 2596 propositiones,
893 2499 1102 2597 syntagmati
1125 2487 1314 2575 consessio-

97 2625 184 2679 num
214 2623 244 2674 a.
274 2605 380 2672 1612.
420 2617 454 2667 an
471 2611 562 2683 crta,
596 2615 660 2692 pro
681 2595 817 2690 pubiica
845 2595 1079 2670 Ecclessarum·
1109 2595 1314 2695 Hungariae

95 2699 362 2774 reformatorum
383 2688 600 2766 consessione
624 2687 792 2768 habenda.
843 2689 1033 2766 Lutherani
1060 2692 1225 2787 partibus
1242 2695 1314 2770 suia

95 2815 238 2892 quoque
262 2797 331 2862 n'on
356 2786 546 2860 desuetunt
571 2785 762 2861 firmandis.
811 2785 966 2884 Duplice
993 2784 1087 2863 enim
1113 2787 1228 2864 habita
1247 2793 1313 2888 Sy·

97 2889 216 2976 nodo,
242 2885 365 2958 codem
393 2903 507 2970 anno,
533 2903 602 2955 una
627 2881 865 2980 Claudioposi,
889 2886 993 2958 astera
1011 2879 1165 2979 Cibinii,
1189 2906 1314 2964 contra

95 2978 399 3067 sacramentarios,
430 2995 470 3050 ut
494 2977 769 3073 adpellabantur,
802 2978 915 3053 forma
947 2975 1185 3061 Ecclesiastico
1206 2981 1315 3056 Saxo·
1414 3019 1416 3024 ·

98 3081 182 3156 nica
204 3075 255 3150 est
276 3074 436 3163 stabilita,
487 3071 671 3170 Denique,
699 3095 744 3148 ne
770 3073 887 3149 omnia
916 3071 957 3148 ad
983 3074 1073 3174 hanc
1089 3072 1187 3148 litem
1205 3078 1320 3173 perti·

101 3175 241 3264 nentia,
275 3170 367 3266 quod
401 3171 543 3265 longum
578 3187 615 3240 et
647 3166 767 3244 inutile
791 3169 906 3260 soret,
940 3189 1112 3262 enarrem,
1139 3171 1318 3252 solennior

102 3271 240 3371 prodiit
272 3263 495 3342 Ecclessatum
528 3262 791 3341 reformaturum
820 3265 988 3342 conseffio
1023 3287 1053 3340 a.
1092 3274 1196 3358 1562.
1221 3293 1241 3344 a
1264 3272 1319 3347 lo·

102 3371 177 3458 cis,
202 3365 263 3440 ubi
292 3359 415 3457 scripta
438 3380 477 3435 et
500 3359 676 3456 publicata'
700 3359 771 3450 est,
795 3363 887 3441 dieta
917 3361 1156 3458 Tattzolt‘ensss
1178 3361 1320 3441 Totdtsr·

96 3464 175 3562 fis,-
210 3481 296 3556 quae
326 3455 495 3630 insrfinem
520 3455 640 3529 habuit
670 3453 878 3552 successum,
903 3478 942 3534 et
965 3461 1173 3556 deinceps-a
1198 3461 1320 3540 Sicelis

107 3581 146 3633 et
170 3553 387 3650 Hungatise

441 3551 613 3648 adsumta,
650 3550 756 3628 etiam
778 3573 801 3632 a
821 3557 938 3636 mustis
961 3557 1173 3647 saxonibus,
1196 3575 1320 3638 contra

107 3655 336 3732 sumntum
604 3661 607 3669 ’
1353 3673 1358 3684 ·

544 3689 784 3826 ram
850 3873 854 3882 .
1012 3689 1325 3850 toccum
