3000 4800
148 584 227 684 {1276
265 558 271 570 ⁵
531 556 840 689 Idstnriu'Ecrlr’st
864 518 1001 687 cariffi*

141 764 218 841 ient
241 758 485 859 reconferre,
518 764 595 843 inno
618 789 687 865 pro
709 764 1050 867 lubitu-conjugium
1073 762 1180 841 inite.
1224 744 1369 839 Praete}

12 874 16 889 '
141 882 203 937 tea
240 854 471 937 constitutum
508 862 582 954 est,
621 887 667 939 ne
736 864 893 963 uisquam
930 858 1189 961 Episcoporum
1220 860 1369 959 partium

143 958 260 1033 Roma
311 972 449 1048 eteret,
475 958 533 1033 sed
561 960 605 1034 ab
624 888 779 1057 ipsoire
826 1014 836 1036 .
1054 1008 1057 1013 -
1318 962 1339 967 ”

121 1092 127 1103 ·
161 1049 226 1165 ος.
250 978 448 1159 ΟΕΧΧΙΙΙ.
482 1054 592 1128 Multi
618 1056 754 1154 itaque,
780 982 836 1131 Εἷς
861 1048 1079 1165 constitutis,
1102 1048 1201 1127 vitae
1227 1046 1370 1159 nonas-

122 1164 239 1239 ,ttcee
261 1144 427 1222 muserunt
449 1150 634 1243 nuncium,
676 1170 714 1226 et
743 1149 949 1227 reformatio
979 1164 1141 1247 ungentet
1169 1144 1260 1220 fecte
1283 1164 1368 1239 pro·

188 1240 287 1319 effut.
337 1244 425 1318 Cum
460 1268 550 1321 vero
580 1240 1122 1415 a.1538.{ohannctTauffon
1152 1236 1368 1315 monasterio

200 1337 374 1434 iburgenfi
401 1342 444 1415 ab
469 1339 653 1440 Episcopir
674 1344 773 1441 expel
785 1361 921 1432 eretur,
958 1338 1050 1437 quod
1075 1336 1278 1413 Monachus
1297 1356 1368 1447 pu·

145 1434 274 1509 riorem
299 1432 445 1509 doceret
474 1438 688 1528 dodirinaro,
725 1438 883 1513 defensus
916 1455 953 1511 et
978 1454 1133 1507 retentus
1153 1430 1205 1505 est
1228 1452 1249 1505 a
1272 1430 1372 1505 crvi-

146 1531 209 1607 bus
230 1548 267 1601 ct
292 1528 517 1626 Magistratu:
550 1535 652 1629 Rege
677 1556 834 1633 quoqne,
876 1554 920 1605 ne
954 1526 1109 1603 intestini
1139 1546 1257 1601 motus
1282 1524 1369 1599 inde

130 1622 347 1715 orirentur,
387 1626 480 1701 suan
512 1629 760 1724 interponente
790 1630 1033 1715 autoritatem,
1076 1642 1115 1698 et
1147 1620 1369 1697 Tauffonum

148 1719 343 1809 incitante,
382 1721 466 1818 quin
501 1724 671 1819 jubente,
713 1746 752 1798 ut
791 1726 830 1799 in
857 1744 966 1821 opere
992 1734 1163 1830 pergeret.
1201 1716 1310 1793 Dein
1332 1738 1368 1791 a.

131 1838 260 1908 ,1529.
286 1814 450 1912 sequente
466 1820 593 1893 abolita
618 1821 720 1985 plane
746 1818 800 1925 est¹
814 1816 982 1913 Papistica
1006 1814 1132 1911 religio
1146 1812 1368 1925 Mainaogiee

150 1911 190 1986 in
216 1912 357 2001 snania,
391 1913 491 2006 Rege
513 1916 623 2010 adpro
646 1930 743 2004 ante,
776 1910 895 2011 quiet
921 1913 1100 1985 decretum
1134 1906 1297 1984 condtdnt
1323 1906 1374 1983 de

150 1998 323 2081 reditibus
346 2007 559 2082 Clericnrum
585 2006 679 2084 istiur
700 2008 770 2095 loci
793 2008 835 2083 ad
851 2006 1024 2087 Ecclesiae
1046 2002 1222 2079 ministros
1236 2000 1388 2079 susten-e

152 2102 278 2179 tendor
300 2101 545 2195 inpendendia,
587 2104 688 2179 etad
712 2102 925 2201 gymnasium
948 2101 1084 2197 aliquod
1109 2096 1371 2195 Theologicut'n

136 2196 205 2275 :ibi
234 2194 497 2276 instituendum.
592 2198 659 2275 uod
691 2202 798 2275 etiam
832 2198 962 2273 Fadium
997 2194 1068 2287 est,
1110 2196 1218 2272 tribue
1249 2190 1374 2271 electi·

136 2292 424 2383 ,Profefforibus‚
453 2200 828 2391 Oiaosshrysostorno,
855 2294 1009 2369 Nicoizto
1028 2293 1210 2403 Andreae,
1229 2290 1372 2401 etiaec·

143 2412 238 2481 ,tote
272 2391 465 2466 francisco.
514 2394 596 2491 Quo
620 2392 744 2462 eodum
768 2414 859 2463 anno
886 2392 988 2477 Rex,
1030 2390 1205 2487 publicato
1231 2384 1375 2476 ennete,

140 2486 285 2584 judit..
302 2503 340 2554 ut
366 2486 485 2576 purior
509 2483 664 2556 doetrina
689 2485 814 2577 ubique
837 2486 1120 2575 adnunciaretur,
1158 2482 1259 2557 niffo
1283 2502 1378 2578 quo·

143 2600 223 2677 rqne
250 2577 422 2651 Tauffano
448 2578 635 2662 Hafniarn,
662 2597 697 2652 ut
720 2579 767 2653 ibi
790 2579 943 2654 doceret.
993 2581 1140 2679 Quando
1165 2573 1375 2654 cerimoniis

144 2692 198 2747 -er
229 2670 446 2745 cantionibus
480 2672 655 2767 Papisticit
695 2674 830 2749 abolitis
868 2675 988 2748 Psalmi
1023 2674 1190 2749 Davidici
1221 2671 1375 2751 Lutheti

156 2766 276 2863 lingua
299 2768 482 2843 uernacula
506 2768 677 2843 substituti
703 2772 789 2843 sunt.
842 2772 974 2845 Prodiit
1000 2796 1087 2844 vero
1111 2770 1263 2866 primurn
1282 2768 1375 2845 Psal-

144 2886 297 2939 -ntorurn
314 2864 526 2937 Danicotum
543 2868 720 2962 exemplar
738 2867 955 2960 Malnnogiae
981 2891 1011 2941 a.
1033 2876 1162 2958 1528„
1188 2864 1374 2961 postquam

150 2960 308 3037 'Nouum
336 2957 623 3049 Testamentum,
661 2963 795 3036 Danice
819 2962 976 3049 versum,
1015 2963 1086 3057 jam
1112 2966 1153 3037 ab
1186 2980 1379 3058 a‚1524.,

146 3076 230 3155 ‚qno
257 3055 474 3151 Antverpiae
501 3058 651 3151 prodiit,
675 3057 710 3130 in
736 3060 865 3155 Regno
890 3058 1106 3154 divulgatum
1128 3058 1226 3134 effer.
1274 3056 1379 3157 Quos

147 3148 358 3321 propedius
381 3174 460 3227 curn
488 3154 654 3242 Praelati,
677 3174 714 3227 et
739 3156 940 3227 Pontificiae
966 3151 1075 3227 sectae
1095 3146 1242 3241 addicti,
1269 3154 1380 3263 a'egre
1411 3236 1417 3245 ,

180 3265 321 3331 errent,
364 3267 401 3320 et
424 3249 650 3346 Euangeiicos
681 3251 771 3346 apud
805 3253 941 3345 Regem
970 3246 1187 3332 accusarent,
1225 3248 1376 3325 comitia

165 3343 208 3417 ab
233 3362 278 3416 eo
302 3342 380 3417 sunt
405 3342 585 3422 indicina.
615 3371 629 3420 r
635 3368 719 3441 530.
771 3345 1004 3447 Quibuscum
1032 3338 1257 3435 Protestantea
1283 3362 1376 3417 con·

151 3437 345 3517 -fessionern
372 3461 418 3533 43
444 3440 688 3530 articulorum,
713 3465 799 3539 quae
817 3443 941 3517 Latine
957 3440 1052 3516 veria
1075 3436 1381 3539 aJohannePon·

166 3553 252 3610 teno
275 3533 386 3609 exstat
416 3537 452 3610 in
486 3540 637 3613 Henrici
670 3537 801 3613 Mundi
837 3532 1382 3635 commentjdebreformatione

164 3630 207 3709 in
223 3630 397 3718 Cimbria,
425 3626 598 3708 Pontificii
614 3658 699 3707 vero
717 3658 761 3728 27
777 3634 935 3707 articulos
952 3634 1143 3709 contrariot
1158 3624 1386 3728 obtuliffent',

169 3725 209 3798 hi
235 3750 322 3801 veto
348 3729 390 3800 ab
422 3728 643 3825 Euangelicis
671 3730 780 3802 essent
810 3729 968 3814 refutati,
1002 3744 1090 3825 qune
1123 3727 1242 3802 omnia
1272 3726 1383 3804 etiann

167 3820 341 3897 recensita
364 3822 438 3894 sunt
460 3840 543 3897 tom.
569 3826 634 3899 ΙΙΙ.
661 3826 711 3899 Cl.
737 3824 916 3914 Gerdefii,
940 3823 1118 3917 decretum
1145 3820 1220 3914 est',
1241 3816 1386 3929 e'Rege

166 3938 202 3994 et
226 3917 457 4004 senatoribut‚
485 3940 524 3992 ut
547 3920 745 4013 Euangelici
771 3922 897 3994 eodem
919 3936 1109 4015 pergerent
1131 3918 1246 4016 pede,
1272 3914 1389 3995 donec

169 4017 311 4116 publico
336 4016 488 4107 conciiio
520 4014 566 4092 de
593 4016 767 4114 reiigione
786 4015 878 4131 pidet
902 4015 1152 4093 constitutum,
1195 4014 1301 4118 Quod
1326 4012 1386 4107 ip·

1213 4126 1216 4132 ·
1304 4106 1383 4207 iun
