3000 4800
136 706 202 801 ÷⁶4
536 676 683 796 Historia
704 670 977 800 Ecciefi'diriss.

146 894 222 977 tea,
253 881 481 978 Syngramma
511 872 727 972 Suevicum,
757 878 963 955 Germanice
988 877 1124 959 editum
1149 876 1377 962 wirtenbers

148 1004 253 1081 gae,
279 973 496 1072 praefatione
521 975 695 1067 munivit,
726 997 764 1049 et
786 974 978 1051 sermonem
1004 979 1049 1052 de
1070 981 1142 1056 hoc
1162 979 1378 1055 sacramento

152 1069 376 1176 publicavit,
409 1069 543 1162 inquo
578 1070 746 1146 haerefios
777 1092 897 1147 notam
928 1072 1043 1148 inuffit
1071 1076 1264 1151 contrariae
1296 1073 1378 1170 opi·

121 1168 280 1248 ·²nioni.
334 1163 610 1240 Vehernenriam
644 1166 787 1240 Lutheri
820 1166 1021 1262 perstrinxit
1056 1170 1232 1269 Johannes
1262 1165 1377 1244 Land-

149 1263 339 1366 ³spergiua,
366 1259 572 1353 Theologna
597 1261 681 1336 licet
702 1262 889 1353 Suevicua,
917 1258 977 1360 qui
993 1265 1101 1341 etiam
1125 1268 1208 1341 oraii
1228 1266 1397 1340 amandu·

157 1359 321 1448 cationi,
337 1356 451 1429 edito
477 1335 612 1449 iibeilo,
645 1359 679 1431 se
704 1360 882 1457 opposuit
935 1361 1059 1438 Ulmae
1087 1385 1224 1460 quoque
1246 1366 1378 1438 Conra-

158 1459 231 1534 dut
260 1453 421 1541 Somiua,
453 1467 489 1520 et
524 1451 702 1548 Augustae
735 1455 894 1529 Michaei
920 1455 1103 1546 Ceiiariua,
1136 1458 1379 1554 Zuingliauarn

73 1590 75 1597 <
151 1558 437 1655 ipropugnarunt
471 1545 697 1631 sententiam:
731 1550 787 1624 sed
816 1549 1077 1647 Norimbergae
1108 1553 1283 1629 Andraeas
1317 1555 1379 1628 Ai-

153 1650 363 1739 {thameruu
394 1638 612 1740 Nordlingae
644 1644 870 1720 Theobaldut
901 1645 1102 1734 Biiiicanut‚
1135 1667 1174 1721 et
1198 1647 1378 1748 Augustae

67 1814 69 1819 .
155 1744 329 1820 Urbanus
373 1735 555 1829 Rhegius,
604 1757 725 1813 contra
761 1741 960 1837 Zuingliurn
996 1762 1033 1815 et
1073 1743 1381 1842 Oecoiampadiutn

129 1838 381 1914 ’strinxerunt
412 1836 591 1906 calamum.
641 1835 804 1911 Helvetii
836 1838 871 1911 in
904 1837 962 1912 sua
996 1837 1162 1912 sententia
1185 1842 1311 1915 tuenda
1341 1863 1378 1912 e·

154 1933 255 2007 'tiam
296 1953 368 2005 non
401 1927 621 2022 quieverunt.
673 1931 937 2028 Praeterquam,
980 1933 1074 2030 quod
1096 1935 1381 2032 'Oecoiampadii

150 2024 296 2125 'deripta
327 2021 546 2121 apologetica
573 2023 724 2122 jundiim
756 2025 822 2100 fine
852 2026 966 2118 edita,
998 2028 1179 2126 Zuingliua
1213 2034 1309 2106 varia
1339 2034 1378 2108 in

1 2178 3 2185 ,
131 2187 134 2191 ,
158 2127 280 2202 iucem
302 2119 413 2195 emisrt
439 2119 582 2214 scripta,
613 2121 706 2194 inter
733 2143 820 2219 quae
847 2122 919 2212 est,
953 2124 1045 2197 clara
1068 2139 1100 2196 et
1127 2129 1232 2200 brevis
1258 2124 1381 2224 expost-

158 2229 214 2296 'tio
238 2222 403 2295 roborum
431 2238 556 2293 coenae.
603 2215 819 2312 conquestus
836 2239 943 2315 porro
969 2216 1040 2310 est,
1065 2220 1102 2294 in
1126 2217 1241 2316 epist.⁸
1255 2226 1297 2297 ad
1320 2224 1383 2299 Es·

157 2313 364 2410 ·lingenies,
390 2312 478 2406 apud
504 2313 699 2387 scultetum
722 2312 761 2385 in
782 2314 930 2405 Annal.,
957 2333 1124 2410 patronus
1148 2315 1226 2390 suae
1242 2319 1384 2393 senten·

162 2415 240 2488 tiae
278 2407 411 2481 traduci
434 2425 595 2500 tanquam
613 2409 829 2494 haereticus,
856 2409 1081 2498 swermeros,
1110 2413 1320 2504 nebulonea,
1346 2432 1384 2490 et

10 2570 20 2579 .
161 2502 420 2600 Magistratum
458 2521 582 2574 contra
613 2524 675 2574 eos
711 2503 902 2578 concitari:
926 2505 1088 2601 inprobat
1122 2508 1249 2593 etiam,
1289 2514 1385 2606 quod

165 2600 284 2678 notari
307 2595 436 2682 velim,
469 2593 572 2668 libror
596 2594 794 2692 prohiberi,
820 2601 965 2696 vultque
989 2599 1106 2674 omnia
1131 2602 1292 2700 dogmata
1317 2631 1383 2702 pu·

168 2698 263 2774 blice
302 2689 514 2779 examinari,
549 2711 588 2765 ut
619 2695 711 2766 bona
742 2690 968 2771 retineantur.
1023 2696 1189 2792 Denique
1222 2699 1392 2794 fuerunt,

167 2791 230 2892 qui
255 2782 519 2882 intempestivas
540 2806 576 2860 et
600 2786 720 2862 noxiae
729 2787 929 2885 judicarunt
944 2789 1003 2865 has
1017 2793 1290 2887 controversiae,
1310 2798 1382 2871 eas·

163 2912 240 3006 'que
275 2886 402 2981 sopitae
432 2885 635 2973 voluerunt,
674 2883 732 2956 sed
764 2881 890 2958 mediis
917 2884 996 2974 usi,
1028 2911 1115 2998 quae
1137 2891 1180 2962 ab
1208 2891 1280 2966 aliis
1304 2894 1384 2968 sunt

168 2984 367 3081 anprobata.
416 2977 574 3076 Quorum
612 2978 885 3054 moderatiorum
928 2983 1109 3079 praecipui
1141 2982 1284 3061 fuerunt
1309 2991 1384 3062 Bu·

169 3102 290 3166 cerua,
316 3078 392 3149 Leo
408 3075 541 3171 Judae,
568 3093 604 3146 et
629 3074 826 3152 Pellicanua.
860 3079 936 3151 Leo
953 3078 1081 3176 Judae,
1107 3102 1163 3154 ex.
1189 3105 1242 3177 gr.
1268 3084 1384 3181 Tigu.

168 3179 286 3262 rinus,
313 3191 352 3245 ut
373 3171 472 3243 retiis
497 3170 766 3245 manducationis
791 3171 988 3247 defensores
1011 3176 1053 3248 ad
1079 3176 1256 3247 meliorem
1281 3182 1384 3251 redu·

168 3286 268 3348 ceret
291 3285 467 3354 mentem,
500 3266 650 3338 libellum
677 3266 812 3356 edidit,
844 3267 903 3342 sub
925 3267 1043 3355 titulo,
1069 3265 1252 3362 Doiizfflmi
1275 3272 1382 3360 Eras-

168 3372 240 3455 mi,
270 3380 303 3437 et
328 3364 382 3436 M.
399 3362 567 3448 Latiari,
603 3366 703 3458 opinio
727 3367 765 3436 de
792 3387 887 3436 coena
914 3364 1066 3452 Domini,
1100 3382 1158 3456 per
1180 3362 1380 3438 Luduvicum

173 3459 386 3555 Leopoldum,
420 3458 489 3530 hoc
513 3456 641 3552 scop0,
677 3479 736 3547 ut,
761 3478 842 3531 ante
864 3459 924 3531 hae
946 3459 1026 3532 litet
1050 3478 1182 3548 motas,
1207 3459 1384 3537 Erasmum

170 3580 208 3635 et
233 3556 424 3630 Lutherum
448 3553 659 3627 demonstret
683 3550 901 3650 spiritualem
934 3550 1062 3628 Christi
1096 3556 1320 3648 praesentiam
1346 3579 1383 3633 et

174 3651 478 3734 manducationem
505 3649 672 3738 tenuiiie3
714 3673 783 3745 quo
814 3651 987 3725 Lutherus
1020 3670 1057 3722 et
1085 3652 1241 3726 Erasmus
1279 3656 1380 3728 valde

154 3746 309 3829 'irritati
336 3746 422 3818 sunt.
472 3744 645 3844 Quodque
665 3769 758 3818 nova
783 3747 949 3841 produxit
971 3743 1108 3841 scripta.
1143 3749 1383 3841 Expostulavit

163 3868 308 3948 quoque
332 3841 490 3914 Erasmus
515 3863 595 3914 cum
621 3842 809 3930 Biiiicano‚
844 3843 954 3917 Hebr.
980 3842 1062 3939 ling.
1086 3846 1176 3940 apud
1196 3846 1386 3942 Tigurinoa

57 3986 61 3994 ·
167 3937 389 4024 Professore,
423 3959 485 4032 per
515 3936 670 4026 litterar,
712 3936 803 4033 typis
836 3941 1033 4036 evulgatas,
1073 3941 1167 4036 quod
1206 3941 1384 4018 Erasmum

169 4034 306 4119 dirruet
331 4033 434 4110 solam
458 4033 760 4112 manducationem
784 4034 849 4134 pei
871 4033 977 4112 fidem
999 4035 1200 4134 agnoscere.

159 4276 189 4332 ξι
705 4258 720 4294 ⁸
754 4256 795 4278 '⁴'
1265 4229 1394 4311 ANN,
