3000 4800
603 113 710 192 Serui.
740 109 841 192 XVI.
1261 145 1332 219 507

104 313 207 380 anno
239 288 360 370 coetui
393 291 645 369 anlaviciano
681 295 876 391 praeleilns
910 294 960 370 est
995 297 1117 371 Petrus
1150 298 1328 393 Stoinius,

110 390 211 466 Petri
241 391 383 467 Statotii
412 389 638 467 Thonvillani
662 391 771 482 filiut,
795 395 922 490 judicio
954 416 1050 483 utor,
1084 413 1124 468 ut
1148 415 1253 469 antor
1277 400 1330 471 vi·

111 501 170 561 tte
202 487 327 563 Socini
358 487 426 577 ait,
459 505 494 561 et
520 504 667 584 promtus
697 489 838 587 rioqtrt'r,
871 486 932 587 qni
960 487 1083 564 Socini
1110 489 1327 587 hypotheser

113 584 225 753 ἓξ
251 584 447 681 adoptavit.
495 584 579 658 Fuit
607 582 779 659 Statoriur
809 582 869 659 itte
900 584 1158 661 Thonvillannr
1188 586 1327 681 Gallot,

255 678 459 776 discipulus,
492 696 531 752 et
556 677 593 753 in
617 679 792 755 Poloniam
813 678 972 776 adpollur
995 702 1029 756 a.
1055 700 1163 773 1559.
1190 680 1328 759 Redtor

119 768 250 850 tenone
277 773 528 850 Pindiovienfir
549 773 659 850 salius
681 774 753 866 est,
786 799 827 855 ac
850 776 893 851 ad
918 772 1118 868 Blandratae
1139 775 1329 871 opinione·

121 865 267 961 defecit,
300 873 357 946 sed
384 887 419 943 et
449 868 599 966 Spiritus
621 873 656 946 S.
687 871 911 947 divinitatem
935 893 975 946 ac
999 871 1264 949 invocationem
1284 875 1323 951 in

119 960 253 1041 dubium
285 966 378 1040 inter
419 969 547 1062 primos
584 969 745 1057 vocavit,
781 992 859 1042 eam
892 966 961 1041 elle
999 968 1129 1041 donum
1165 970 1257 1060 Dei,
1289 988 1329 1045 et

119 1066 281 1136 uirtutem
315 1065 357 1137 ab
387 1085 431 1134 eo
456 1065 592 1152 datam,
623 1061 805 1138 didicens:
837 1086 938 1160 quam
969 1062 1174 1136 sententiam
1208 1063 1326 1158 posteo

108 1157 284 1247 deletoit,
317 1159 391 1244 vel,
417 1176 453 1229 ut
479 1156 551 1252 iple
575 1158 689 1249 dixit,
721 1182 894 1255 nunquam
920 1160 1059 1245 habuit,
1095 1180 1132 1231 ut
1160 1158 1327 1235 Labieni·

109 1251 187 1326 dut
214 1252 330 1329 tradit.
379 1256 467 1326 Ante
498 1256 659 1327 Stoint'um
694 1279 754 1327 non
784 1278 906 1351 paucos
937 1279 954 1327 o
981 1257 1183 1351 praecipuis,
1219 1258 1325 1333 vetbt

10 1428 17 1441 Ι
101 1348 191 1421 {unt
221 1353 354 1422 autoris
387 1357 479 1421 vitae
506 1350 645 1434 Socini,
675 1356 832 1443 priuatim
864 1357 898 1426 in
928 1369 1042 1447 portet
1060 1349 1146 1447 suos
1169 1368 1326 1427 traxerat

10 1486 17 1525 -,
91 1442 267 1533 ¹Socinus,
294 1463 325 1518 rt
342 1444 613 1542 suffragantium
630 1442 699 1538 fiii
721 1450 779 1521 ton
796 1452 918 1542 exigua
933 1451 1036 1522 indier
1047 1446 1156 1543 fiebat
1174 1446 1323 1547 uccrfflt.

88 1534 241 1615 Primus
271 1559 378 1616 autern
410 1546 592 1613 Securiuius
621 1539 808 1637 sententias
840 1548 949 1615 Socini
969 1543 1179 1639 propugooffe
1207 1552 1323 1638 palan

10 1640 13 1647 '
86 1630 161 1721 ’β
194 1639 304 1728 ausus.
350 1640 461 1711 Securi
495 1660 569 1709 mox
603 1641 681 1709 olii:
712 1661 786 1730 puos
818 1641 902 1709 inter
930 1638 1056 1729 grande
1085 1639 1235 1727 portibus
1259 1663 1326 1713 nto·

81 1748 253 1807 'mentum
277 1734 466 1807 addiderunt
483 1734 672 1819 Androcus,
697 1729 903 1821 Stuniflour,
931 1730 1188 1822 Clrriltopiorur,
1215 1748 1328 1826 tergo.
1372 1820 1376 1829 Ι

84 1828 194 1901 nini
210 1828 339 1922 frotrrt
365 1830 578 1916 Lubirnrcr'i,
601 1825 764 1921 splendidi
796 1826 973 1899 natalibus.
1020 1823 1231 1896 Addebantur
1255 1848 1325 1898 cnr·

78 1926 209 1997 tutin
240 1929 300 1999 olii
331 1948 349 1995 r
381 1926 550 2018 Pastorum
578 1923 703 2012 ordint,
736 1920 977 2019 praeferunt
1001 1921 1208 2016 junioribus,
1246 1944 1324 2021 punt

79 2016 216 2095 mfutur
238 2026 424 2095 morabatur
446 2022 645 2096 inveteratur
668 2021 824 2114 opinionis
858 2031 953 2113 utque
976 2018 1168 2090 autoritatis
1186 2023 1324 2118 praeja-

76 2101 238 2194 dicun.
297 2119 525 2190 Momentum
568 2136 674 2211 porro
710 2115 844 2189 addidit
882 2111 1115 2187 memorabilis
1156 2118 1251 2189 calor
1281 2117 1322 2194 in

76 2194 250 2361 {ynndo
278 2210 478 2286 Lublinenst
500 2235 530 2285 a.
561 2236 573 2282 r
581 2216 665 2300 589·
689 2207 723 2283 in
750 2234 815 2308 qua
838 2207 1009 2282 sententia
1032 2206 1154 2282 Socini
1179 2211 1223 2284 de
1241 2234 1319 2306 cap.

79 2352 83 2359 -
135 2305 197 2385 11.
225 2308 266 2382 ad
299 2309 475 2381 Romanos
510 2304 561 2380 est
594 2305 742 2403 agitata,
776 2329 876 2403 quam
911 2304 1147 2377 defendebant
1172 2306 1252 2388 alii,
1285 2325 1322 2383 et

73 2382 169 2474 ”iii
198 2406 311 2501 plures
343 2427 437 2499 oppu
466 2407 604 2476 nubant.
657 2403 753 2476 Inter
787 2399 995 2497 posteriores
1025 2398 1166 2472 strenue
1198 2421 1321 2477 contra

69 2474 275 2583 §ocinum
301 2522 379 2572 cum
404 2428 602 2593 diiputattet
625 2496 792 2571 Nicolaus
817 2495 980 2584 Zitiniut,
1006 2495 1033 2568 it
1055 2496 1096 2567 ad
1116 2496 1218 2568 verba
1235 2498 1322 2571 Pau·
1440 2540 1450 2575 ς

67 2566 93 2640 ’¹
112 2632 136 2669 2
177 2599 298 2695 quibus
322 2597 402 2667 Deo
425 2619 490 2690 pro
516 2595 718 2667 liberatione
743 2595 869 2683 gratian
893 2590 984 2688 agit,
1017 2591 1107 2664 adeo
1130 2589 1236 2668 haetit
1258 2594 1321 2669 ad·
1445 2607 1447 2610 ’

64 2679 258 2779 multus,
284 2713 342 2771 ut,
369 2711 489 2763 mente
517 2711 666 2775 mutata,
690 2687 920 2783 disputaverit
946 2708 1009 2793 pro
1028 2685 1171 2760 Socino.

71 2849 81 2868 .
133 2785 183 2885 ᾖ
208 2789 290 2862 Dtl.
318 2789 513 2859 Crevernnt
538 2787 671 2859 interea
696 2787 846 2878 pericula
871 2782 990 2856 Socim
1017 2780 1230 2873 cracoviae,
1259 2804 1320 2879 et,

54 2850 196 2957 hbro
220 2890 264 2957 de
278 2879 464 2977 servatore,
492 2887 587 2975 typis
612 2885 745 2967 denuo,
771 2882 828 2952 sed
856 2879 914 2951 sub
939 2874 1080 2946 nomine
1097 2879 1193 2972 ejus,
1220 2883 1318 2955 evul-

50 2969 214 3069 ss‘ltoj·
233 2983 484 3065 recruduerant,
508 2978 620 3074 inquit
645 2997 745 3049 antor
770 2974 860 3047 vitae
886 2972 978 3066 ejus,
1004 2973 1204 3049 inimicorum
1230 2979 1317 3053 odiu.

48 3044 240 3170 stupor,
276 3073 321 3147 stc
353 3077 489 3169 pergit.
526 3090 679 3147 commotu
708 3092 765 3166 por
789 3070 999 3164 Scloaltuos
1033 3092 1063 3141 a.
1100 3081 1206 3161 1598.
1239 3070 1319 3167 infi-

49 3158 181 3245 mae
204 3174 305 3268 plebis
323 3171 426 3262 foece
459 3195 555 3261 aeger
586 3186 661 3241 tunc
686 3172 871 3242 extrahitur
897 3191 913 3239 r
938 3166 1084 3240 cubiculo
1101 3167 1319 3266 seminudus,
1422 3235 1426 3242 .

44 3251 111 3361 ’ἦ
162 3288 216 3363 per
236 3266 351 3361 forum
373 3290 412 3338 oc
439 3269 660 3339 celeberrimos
685 3269 831 3357 pluteos,
864 3260 1105 3361 deposcentibus
1130 3267 1174 3340 od
1187 3264 1320 3363 suppli·

53 3358 193 3437 “ton
216 3361 391 3460 plerisque,
417 3360 635 3458 conrrrnuliosr
656 3381 828 3457 ruptotur.
853 3384 951 3457 aegre
977 3382 1117 3458 ereptus
1141 3367 1316 3436 tandem·

58 3428 169 3555 1⁴11.
197 3458 395 3547 Vadovita,
424 3458 617 3533 Proleffore
657 3459 887 3534 Cracovienlt.
943 3458 1091 3550 Direpta
1128 3457 1233 3531 etiam
1266 3452 1318 3531 est

70 3544 186 3634 *lut
228 3557 393 3655 supellex,
434 3577 471 3632 et
515 3557 725 3725 scriptorsustp
774 3553 987 3653 quorundam
1023 3551 1190 3663 jalintata
1230 3546 1321 3623 recte
1423 3609 1426 3613 .

103 3670 106 3674 ·
137 3678 145 3687 “
742 3672 764 3726 2
1151 3665 1323 3743 ttrepattq

1324 3718 1444 4048 Δ
