3148 4434
277 267 350 346 472
667 236 816 340 ffifloriu
839 233 971 338 diocles.
995 237 1110 344 Clulst.

284 421 369 502 fidei
402 413 548 494 accusari
569 415 715 516 capitit,
738 417 773 494 se
795 419 913 496 adhuc
936 420 1049 518 magia
1071 415 1196 520 iniuste
1218 415 1393 511 detineri,
1414 419 1504 517 qnia

285 521 450 628 dogmata
475 537 545 590 non
572 513 708 610 spatfit,
741 515 849 612 petiit
879 539 1017 614 quoque
1048 519 1277 607 advocatum
1309 517 1371 592 sed
1398 538 1443 589 ne
1462 514 1507 589 id

285 617 427 711 quidem
460 609 673 707 inpetravit:
706 611 743 686 in
775 616 877 686 altere
904 615 948 688 de
972 613 1060 686 duro
1083 613 1184 689 nimie
1207 635 1347 688 carcere
1370 611 1508 687 effudit

285 711 428 784 acerbat
448 708 625 804 querelae,
651 707 814 804 quodque
839 707 924 782 nibil
949 708 1096 799 babeat,
1120 732 1188 820 quo
1212 709 1247 782 se
1270 726 1403 783 contra
1431 708 1506 782 vim

286 807 395 893 aeris,
432 803 640 891 nuditatem,
674 823 711 876 et
733 805 883 897 pulices,
916 803 1019 900 pollit
1043 827 1198 895 munire,
1223 806 1308 878 licet
1334 805 1425 878 satis
1450 803 1509 876 ba·

286 897 401 976 buerit
425 921 655 974 nummorum.
704 899 809 974 Unde
834 899 962 972 fabium
989 897 1059 989 est,
1086 921 1144 992 ut,
1167 898 1293 998 aliquot
1309 899 1509 974 Procerum

286 993 408 1070 nadlua
445 994 620 1083 fautores,
661 994 781 1068 mititte
823 995 932 1068 fuerit
969 993 1142 1070 tractatus.
1202 1021 1235 1092 3.
1269 994 1509 1092 Magistratus

286 1089 525 1180 Viennensis,
548 1113 567 1165 a
589 1092 716 1165 Senatu
741 1087 938 1166 Genevenli
964 1092 1097 1164 certior
1112 1093 1157 1165 de
1172 1091 1274 1189 ipstua
1286 1093 1511 1184 captivitate

287 1187 418 1270 stilus,
452 1209 532 1261 cum
569 1185 676 1281 ipsum
710 1185 771 1259 sibi
807 1185 1009 1259 tradendum
1043 1187 1167 1274 vellet,
1200 1207 1239 1260 ut
1272 1183 1509 1274 sententiam,

283 1303 366 1356 ante
399 1282 520 1370 latam,
553 1281 755 1354 executioni
781 1281 976 1369 mandaret,
1003 1284 1012 1352 i
1042 1282 1092 1367 se,
1121 1282 1189 1356 hoc
1213 1281 1350 1373 audito,
1375 1283 1424 1354 ad
1449 1284 1510 1378 Ju-

287 1376 401 1450 dicum
426 1377 533 1470 pedes
557 1379 779 1468 provolutus,
804 1375 885 1448 illud
910 1399 990 1448 cum
1016 1307 1175 1472 iacrymis
1200 1377 1250 1450 est
1275 1378 1507 1472 deprecatus,

285 1468 427 1544 mitiora
459 1491 478 1538 a
510 1471 634 1541 Senatu
668 1469 866 1543 Gencvensr
904 1474 1059 1572 sperans,
1091 1493 1160 1543 non
1192 1471 1328 1566 quidem
1356 1471 1431 1544 fine
1455 1495 1507 1544 ra·

285 1567 407 1649 tione,
436 1563 491 1634 sed
518 1565 610 1635 nullo
637 1565 788 1654 effresia,
821 1587 898 1638 cum
922 1591 1034 1660 poena
1066 1566 1219 1662 capitalis
1244 1567 1504 1640 baereticorum

285 1657 401 1734 adbuc
435 1655 529 1730 inter
560 1659 653 1756 ipsos
687 1661 911 1734 Reformatoa
939 1661 1091 1754 vigeret,
1118 1683 1183 1735 nec
1214 1663 1277 1734 bac
1304 1683 1404 1756 parte
1429 1663 1506 1736 Aa·

285 1750 589 1830 tichristianismus
620 1759 724 1852 plene
759 1755 842 1829 ellet
877 1758 1028 1844 abolitus,
1076 1756 1257 1830 Confessus
1289 1760 1394 1830 etiam
1431 1758 1504 1846 est,

284 1851 344 1939 se,
385 1870 479 1922 metu
513 1855 746 1948 compulsum,
789 1850 1018 1948 frequenralle
1061 1852 1193 1925 millam
1237 1852 1420 1942 Viennae,
1464 1872 1500 1926 et

283 1949 321 2023 in
353 1968 398 2019 eo
428 1946 592 2040 peccalle.
643 1971 677 2036 4.
705 1947 863 2020 Proceliu
890 1945 1043 2041 judiciali
1075 1948 1156 2019 dein
1192 1969 1255 2043 per
1286 1949 1412 2044 scripta
1447 1947 1501 2021 in·

283 2040 427 2124 stituto,
457 2039 623 2116 Calvinus
655 2041 798 2138 triginta
830 2041 913 2116 oc'to
944 2043 1205 2140 propositiones
1226 2064 1270 2116 ex
1294 2043 1368 2138 ejus
1390 2044 1500 2138 lcrip·

282 2138 331 2209 tis
353 2134 549 2228 excerpsit,
582 2161 670 2234 quae
707 2161 721 2210 1
729 2153 785 2226 sto
811 2137 899 2210 Dec.
934 2137 996 2234 ipli
1030 2137 1175 2210 traditae
1209 2134 1297 2212 sunt.
1346 2140 1497 2231 Reperi-

280 2247 389 2304 untur
413 2231 507 2302 inter
522 2234 683 2325 opuscula
700 2231 855 2320 Caluini,
882 2231 941 2304 sub
959 2237 1025 2306 boc
1042 2235 1129 2305 duro
1146 2230 1269 2321 titulo,
1286 2233 1495 2328 sententiae,

281 2326 339 2398 vel
365 2323 609 2420 propofitionet,
634 2344 804 2419 excerptae
830 2351 873 2400 ea
896 2327 987 2400 libris
1019 2331 1070 2401 M.
1090 2330 1232 2412 Serveti,
1260 2354 1339 2422 quer
1357 2331 1499 2426 ministri

282 2419 452 2513 Ecclessae
476 2421 685 2510 Grnevenlis,
716 2427 839 2514 parlim
862 2427 990 2516 inpius,
1025 2442 1056 2495 et
1081 2428 1113 2496 ir
1138 2423 1244 2496 Deum
1271 2426 1497 2520 blasphemer,

277 2521 403 2613 purtim
425 2513 577 2612 profanis
601 2520 761 2591 erroribus
780 2534 812 2589 et
834 2520 958 2591 delitiis
983 2518 1141 2610 refertur,
1172 2516 1232 2613 effe
1254 2520 1404 2614 adserunt
1418 2539 1490 2596 etc.

278 2613 385 2685 Brevi
419 2614 581 2708 responso
606 2637 626 2686 a
652 2615 800 2685 Serveto
827 2611 927 2702 dato,
954 2617 1046 2710 quod
1072 2615 1199 2686 ibidem
1226 2615 1360 2706 exstat,
1391 2612 1494 2690 fufius

278 2703 447 2800 scriptum
458 2705 809 2802 opposuitCalvinus‚
827 2709 951 2782 ibidem
968 2709 1133 2796 obvium,
1152 2731 1222 2804 quo
1232 2713 1391 2784 acerbius
1401 2729 1491 2784 trac·

281 2818 332 2870 tat
352 2803 556 2890 Servetum,
582 2801 659 2897 qui,
686 2823 868 2897 propterea
883 2803 1053 2890 irritatus,
1081 2805 1117 2876 in
1135 2803 1248 2892 notit,
1274 2805 1415 2880 hicillic
1433 2805 1493 2878 ad·

239 2970 244 2980 ¹
277 2893 378 2983 ditis,
402 2915 538 2989 praeter
556 2921 636 2993 quas
652 2897 734 2970 nibil
751 2901 924 2993 reposuit,
943 2897 1107 2995 injuriose
1121 2897 1304 2974 admodum
1322 2903 1356 2972 in
1375 2901 1493 2974 Calvi·

275 3013 359 3065 num
378 2990 537 3065 invcslus
553 2993 622 3081 cst,
640 2997 731 3092 quod
753 2995 814 3088 ipfi
833 2997 922 3070 baud
941 3018 1056 3089 parunt
1074 2995 1211 3076 nocuit:
1228 3015 1504 3088 praeterquam„

172 3163 177 3176 ,
275 3085 368 3183 quod
396 3085 493 3180 saepe
518 3089 667 3177 dixerit,
700 3095 864 3177 mentiris,
897 3114 975 3163 eum
999 3089 1193 3163 nominavit
1223 3093 1374 3167 Simonem
1399 3089 1488 3161 Ma·

271 3207 371 3276 gum,
405 3204 549 3278 propter
583 3185 759 3255 decretum
794 3185 1134 3277 praedestinationis,
1173 3207 1193 3256 a
1233 3210 1302 3283 quo
1334 3183 1489 3260 maxime

274 3281 484 3351 abhorrebat
514 3281 694 3363 Servetur,
737 3277 943 3372 inpostorum,
986 3281 1243 3376 Sycopltunlum,
1282 3283 1489 3372 nebulonem,

268 3373 444 3469 perfidum,
470 3374 691 3466 inpudentem,
723 3395 842 3447 uturum
869 3379 1062 3464 ridiculum,
1090 3376 1346 3451 cacodaemonem
1370 3398 1442 3452 etc.

322 3470 354 3568 l.
381 3467 645 3542 CCCCLXXll.
672 3487 705 3552 5.
733 3469 819 3541 Cum
845 3473 883 3546 in
910 3474 1040 3548 Senatu
1069 3473 1267 3546 Genevensr
1292 3475 1382 3547 clam
1402 3472 1490 3547 esset

271 3569 476 3650 decretum,
504 3561 651 3656 capitale
676 3561 881 3658 supplicium
905 3567 951 3639 de
972 3591 1017 3640 eo
1041 3566 1110 3640 elle
1127 3563 1349 3656 sumendum,
1376 3571 1490 3643 aCal·

270 3665 356 3742 vino
380 3661 505 3751 etiam,
536 3657 749 3758 praejudicio
785 3663 859 3763 ejus
891 3663 1061 3770 temporie
1083 3662 1198 3742 adbuc
1221 3666 1423 3750 laborante,
1435 3661 1490 3830 bnd

276 3775 279 3780 ·
1366 3780 1432 3856 pro
1457 3780 1497 3834 a·
