3148 4434
457 154 461 166 ,
582 78 689 158 tecit
713 79 815 161 XVI.
1238 101 1314 190 463

84 275 128 342 et
153 256 445 368 doiirinamnej'ur
468 255 820 369 resutatqscriptae,
849 283 1032 363 antequam
1056 264 1178 342 sibrunt
1199 267 1242 342 de
1259 292 1316 344 er.

83 364 226 440 roribus
260 358 439 430 Trinitatis
471 356 654 466 evulgavit
685 357 860 436 Servetur.
915 363 1089 438 Eiucescit
1123 385 1240 440 autern
1268 391 1315 444 err

85 462 248 555 epistolis
271 453 359 541 iuis,
385 454 573 525 Servatum
594 475 667 546 Jam
700 473 785 528 tunc
812 459 961 532 tenuisse
1000 483 1029 532 r.
1056 483 1154 534 unam
1179 463 1249 537 eise
1273 463 1313 540 iu

85 555 175 631 Deo
205 547 427 652 hypostasin,
461 547 717 656 nqsinrrstum,
743 575 810 646 qua
842 555 1042 642 hominem,
1078 558 1149 630 dici
1185 558 1313 634 Filium

85 651 188 738 Dei,
220 671 288 725 nec
322 665 403 718 ante
435 660 653 717 nativitatem
686 667 730 720 ex
756 647 873 722 Maria
895 651 996 724 fuisse
1020 649 1311 745 substantialiter,

91 769 130 842 3.
158 767 273 822 ortum
297 763 386 814 vero
413 739 482 814 eise
506 763 551 814 ex
576 741 741 816 aeternali
767 747 875 818 verbo
892 745 1021 836 Patria,
1054 771 1088 836 4.
1108 749 1177 821 esse
1193 771 1311 828 autem

81 845 173 920 iilud
207 843 350 918 verbum
384 836 737 946 repraesentationem
769 839 880 914 suturi
910 841 992 915 Filii
1027 843 1118 918 Dei:
1153 845 1308 945 denique

83 959 126 1032 5.
153 937 272 1014 muudi
290 948 510 1008 creationem
535 929 605 1006 effe
630 934 672 1006 ab
697 951 852 1010 aeterno.

131 1034 167 1134 5.
193 1029 446 1109 ccccuxw.
473 1029 611 1136 Putatur
635 1027 773 1124 quidem
798 1031 936 1128 passim,
961 1055 1040 1107 eum
1067 1034 1157 1108 hanc
1180 1037 1310 1114 doetri-

82 1155 168 1208 nam
191 1153 213 1204 a
236 1125 540 1206 Muhammedanu
562 1145 606 1199 er
630 1126 824 1216 Ascorano,
849 1129 930 1202 dum
956 1131 992 1203 in
1016 1131 1138 1204 Astica
1154 1137 1310 1209 versare·

83 1249 166 1317 tur,
200 1221 362 1300 naufiue:
396 1219 452 1294 sed
485 1221 633 1294 denec
670 1221 745 1316 ejus
778 1224 904 1299 itinere
942 1249 1015 1300 non
1049 1245 1180 1301 tanturn
1219 1231 1307 1306 nihil

82 1321 246 1411 constat,
280 1339 401 1394 verum
432 1317 468 1390 in
501 1315 702 1414 restitutione
737 1315 794 1390 sua
831 1319 1088 1419 Christianismi,
1120 1323 1307 1422 inprimit

79 1421 118 1494 in
145 1419 327 1494 Ptolemaeo
341 1410 424 1510 suu,
451 1414 510 1488 ubi
534 1411 659 1485 itinera
683 1413 738 1486 sua
760 1419 937 1507 recenset,
963 1420 1037 1516 ejus
1061 1420 1184 1493 nussam
1212 1424 1303 1498 fecit

79 1515 329 1600 mentionem3
364 1510 451 1582 adeo
480 1527 520 1580 ut
543 1508 671 1582 merito
695 1507 818 1588 sabulis
840 1514 1081 1589 accenseatur:
1114 1516 1192 1591 ausa
1217 1520 1305 1594 inde

80 1635 193 1701 nata,
223 1609 317 1706 quod
350 1609 424 1701 ejus
456 1603 714 1713 opiniosaepe
745 1602 855 1678 suerit
886 1631 968 1682 cum
1001 1611 1304 1692 Muhammedana

79 1726 307 1806 comparata,
340 1720 379 1774 ut
411 1697 485 1796 ipse
517 1700 642 1787 tradit,
676 1716 713 1772 et
738 1702 905 1793 queritur.
952 1701 1052 1777 Hinc
1078 1705 1172 1777 enim
1197 1707 1304 1784 facile

75 1807 164 1886 fieri
193 1803 326 1898 potuit,
352 1815 391 1868 ut
414 1817 494 1869 eurn
519 1819 539 1868 a
563 1791 692 1868 Turcir
723 1791 761 1867 in
787 1793 1009 1870 Asrica'earn
1033 1795 1193 1873 didicisse
1225 1800 1306 1874 sue-

74 1906 133 1976 rit
165 1898 304 1973 fitIumr
339 1891 426 1966 srcut
458 1907 494 1962 et
526 1890 612 1963 hinc
637 1907 753 1962 ortum
785 1887 856 1978 est,
889 1891 981 1986 quod
1012 1888 1148 1989 linguae
1172 1895 1305 1972 Arabi·

76 2019 152 2076 cae
194 1991 357 2069 notitiam
392 1983 455 2084 ipsi
494 1982 716 2060 adfinrerint.
768 1985 985 2082 Rejecerunt
1018 1987 1137 2084 itaque
1168 1992 1311 2070 merito·

74 2097 177 2171 hanc
194 2081 507 2168 narratiunculam)
532 2098 668 2178 praeter
686 2080 869 2172 cresium,
899 2081 1028 2158 Roche
1047 2103 1084 2157 et
1100 2085 1300 2168 Moaheim.

73 2188 233 2270 Bastia,
260 2201 300 2256 ut
322 2179 454 2274 reliqua
478 2175 553 2270 ejus
576 2176 756 2275 persequar
780 2179 931 2266 itinera,
956 2178 1015 2254 ubi
1040 2178 1155 2257 minus
1179 2203 1301 2280 gratus

75 2287 156 2366 effe
186 2277 326 2376 coepit,
360 2273 476 2348 retiua
506 2294 536 2348 a.
572 2295 678 2368 1531.
703 2275 977 2368 Argentoratum
1003 2277 1126 2368 petiit,
1151 2300 1190 2352 et
1214 2303 1298 2356 cum

71 2387 221 2460 Bucero
242 2397 284 2450 ac
308 2371 481 2468 Capitone
505 2371 673 2458 contulit,
699 2367 758 2442 sed
783 2392 827 2442 eo
849 2392 928 2445 cum
954 2369 1105 2458 effeeiu,
1130 2392 1187 2461 ut,
1212 2374 1304 2452 teste

71 2473 232 2557 calvino
253 2465 351 2568 epist.
381 2473 460 2558 15⁶·
486 2462 527 2538 ad
550 2465 743 2555 Sulcerum,
768 2469 918 2540 Bucerus
942 2489 1019 2540 eum
1045 2470 1303 2564 pronunciave-

72 2577 126 2654 rit
154 2592 222 2668 pro
243 2563 418 2642 concione
441 2561 606 2656 dignum,
631 2563 683 2654 qui
705 2561 826 2654 arusſss
852 2561 1029 2654 visceribus
1046 2561 1294 2660 discerperetur.
1333 2581 1335 2584 ·

76 2661 240 2773 Quodsi
264 2681 408 2746 verum,
433 2658 515 2732 iliud
537 2655 746 2730 credideriut
769 2659 924 2746 Bucam,
960 2660 1151 2758 Theologo
1176 2663 1299 2738 mode·

77 2787 183 2854 rato,
215 2781 278 2854 per
308 2757 420 2830 zelum
453 2769 548 2827 extra
572 2752 606 2825 se
628 2771 751 2847 rapto,
776 2751 954 2828 excidisse.
1003 2756 1090 2828 Cum
1116 2779 1203 2832 vero
1227 2782 1298 2836 nee

78 2867 240 2958 linguam
266 2853 409 2928 calleret
424 2843 685 2937 Germanicam,
710 2869 796 2938 nec,
823 2851 913 2922 unde
934 2847 1095 2938 viveret,
1123 2851 1296 2946 haberet,

78 2959 157 3038 sese
190 2950 273 3026 inde
307 2971 371 3046 per
404 2941 564 3018 Basilearn
595 2943 745 3018 eontulit
776 2943 984 3038 Lugdunum
1016 2945 1054 3017 in
1077 2946 1207 3039 Gallia,
1235 2952 1297 3027 ubi

77 3048 288 3138 biennium,
319 3061 358 3117 et
389 3040 481 3137 quod
513 3036 687 3128 excurrit,
720 3035 829 3113 trivit.
881 3037 1061 3136 Nusquam
1093 3061 1209 3119 tamen
1237 3065 1300 3140 per

81 3173 140 3226 aar
163 3142 323 3255 regiones
346 3137 384 3212 in
408 3135 581 3234 publicum
612 3133 740 3210 dedisse
766 3139 837 3210 suat
859 3133 1042 3230 opiniones
1063 3137 1300 3235 deprehendi·

84 3269 164 3336 tur,
190 3237 250 3314 nist
274 3237 309 3312 in
333 3229 515 3328 colloquiis
538 3252 618 3305 curn
642 3232 727 3304 viris
751 3231 968 3306 memorarit:
994 3233 1098 3319 licet,
1125 3259 1203 3309 eum
1221 3238 1298 3316 aliia

85 3331 298 3422 innotuisse,
330 3326 408 3406 fieri
440 3325 609 3423 potuerit.
660 3326 793 3425 Utique
823 3327 915 3424 ipse,
940 3331 977 3403 in
1000 3329 1117 3406 libello
1140 3331 1297 3431 supplice

85 3439 131 3518 ud
155 3437 321 3510 Senatum
354 3421 618 3511 Genevensem,
651 3423 685 3495 se
708 3445 787 3498 cum
812 3425 882 3500 ulio
906 3425 973 3499 alio
998 3447 1103 3538 negat
1134 3429 1300 3528 dogmata

87 3535 168 3627 rua,
193 3543 437 3626 praeterquam
468 3541 550 3602 cum
581 3515 668 3698 vquir
691 3519 856 3618 laudatis,
883 3521 1172 3614 communicaffe3
1198 3521 1300 3596 omni

546 3651 549 3656 Δ
657 3635 788 3710 mma
1211 3635 1300 3694 vero
