3114 4440
258 195 316 280 Ἐὖ
343 197 666 280 PHRASI'UM
705 196 1142 278 HEBRAEARUM.
1247 201 1332 307 365,Ι

34 303 56 343 Γ

165 379 238 459 tia
255 380 300 458 de
317 383 487 477 metallis,
512 381 720 480 liquoribus,
742 381 825 458 vino
844 399 912 457 etc.
930 379 1119 456 adhibetur
1136 387 1220 474 quo·
1237 377 1319 486 Pap.

173 501 284 577 que,
311 482 450 576 quando
473 480 666 577 miscentur,
692 499 942 577 temperantur.
982 478 1041 550 Sic
1063 497 1143 550 otuu
1165 495 1217 552 am

174 577 339 652 1REG.
366 579 411 654 X.
439 585 498 668 16,
527 597 582 671 17·
615 575 758 648 materia
781 577 930 664 dicitur,
957 597 1001 648 ex
1016 595 1082 670 qua
1098 575 1216 672 clypei

21 727 24 732 -
168 672 385 749 Salomonis
418 675 461 749 ad
496 693 661 770 pompam
695 691 733 745 et
758 670 1051 767 magnificentiam
1082 674 1217 766 regiam

171 770 325 864 parati,
351 793 432 846 cum
461 771 538 844 vasa
562 768 740 863 putatoria
763 789 801 842 et
823 767 960 865 aquaria
975 787 1020 840 ea
1036 788 1119 853 auro
1132 766 1217 866 fhil-

162 870 238 955 do,
263 885 345 956 tuo,
370 866 534 942 conseila
557 870 729 960 leguntur.
832 921 842 941 .
946 919 956 938 .
1035 863 1139 937 Tom.
1164 867 1210 940 ll.
1259 870 1308 965 38

29 960 117 1062 {tto
147 961 270 1036 radix
293 963 386 1059 apud
409 963 540 1038 Arabes
560 959 776 1058 calefaciendi
793 981 831 1036 et
846 959 967 1038 utendi
986 957 1214 1055 significatum
1258 969 1272 1020 'e

71 1111 74 1116 -
161 1057 441 1154 praesefert,
468 1059 560 1134 unde

95 1175 192 1248 νην
221 1155 321 1230 alnes
345 1153 396 1230 est
418 1159 536 1230 calore
557 1175 596 1230 et
619 1156 714 1234 aestu
737 1155 797 1232 suo
820 1156 997 1246 crucians,
1022 1177 1101 1232 cum
1125 1153 1219 1231 acri·

52 1307 58 1316 .
165 1251 301 1328 moola
322 1268 358 1327 et
380 1253 502 1328 dolore
526 1273 727 1352 pungente,
754 1255 941 1350 malignum
968 1255 1023 1328 vel
1048 1271 1083 1326 et
1098 1253 1210 1327 letha·
1318 1277 1322 1284 ·

162 1349 220 1424 le.
576 1375 625 1426 ··
718 1403 726 1426 ·
835 1409 844 1427 ·
948 1349 1316 1446 l·3.⁷9fl·39t

44 1443 120 1541 jab
150 1442 411 1540 adversarium,
437 1465 476 1522 et
499 1447 670 1526 interiore
695 1445 835 1545 quidem
852 1446 949 1521 vocia
967 1445 1118 1535 virtute,
1134 1443 1213 1541 fer·

164 1539 394 1640 venustiorem
426 1564 469 1618 ac
501 1543 734 1627 obstinatum.
768 1565 913 1618 rancore
945 1561 982 1614 et
1007 1543 1092 1616 odio
1119 1542 1210 1616 inus·

175 1658 288 1726 tum,
322 1657 443 1728 notat,
476 1657 512 1712 et
539 1643 596 1715 vel
622 1641 794 1736 Spiritum
825 1642 1034 1732 malignum,
1069 1639 1125 1710 vel
1148 1640 1214 1712 ho·

166 1733 317 1809 minem
341 1734 510 1831 quendam
532 1735 609 1810 aliia
632 1735 786 1808 nocendi
810 1733 1064 1828 cupidiffimum
1081 1733 1211 1808 innuit.

172 1828 388 1924 Principem
409 1851 514 1920 vero,
540 1833 596 1904 vel
618 1849 722 1926 caput
738 1829 934 1924 Spiritnum
951 1825 1119 1898 malorum
1137 1825 1216 1900 srm-

169 1924 322 2019 pliciter
361 1949 433 2000 non
470 1925 617 2018 indicat,
646 1949 732 2022 cum
766 1925 796 1998 ia
828 1920 1027 1999 constanter
1069 1921 1218 1998 articulo

171 2019 360 2114 praefixo,
382 2044 467 2111 puori.
483 2022 702 2122 indigitetur.
848 2077 859 2099 .
1009 2073 1018 2094 .
1153 2021 1182 2094 1.
1231 2023 1315 2111 546

61 2117 140 2212 blau
166 2117 414 2192 inundationem
439 2123 583 2214 proprie
610 2140 730 2208 notat,
757 2118 865 2216 qualia
891 2143 925 2192 v.
951 2140 983 2191 c.
1003 2114 1053 2191 ell
1073 2136 1210 2190 torren-

182 2211 234 2284 tis
258 2213 467 2308 rapidisurne
489 2215 633 2290 fluentis
659 2238 699 2290 ac
723 2216 940 2302 inundantis,
965 2215 1011 2288 ita
1035 2233 1074 2286 ut
1100 2214 1211 2288 sulcoa

176 2305 262 2402 post
286 2311 322 2382 se
345 2311 522 2407 relinquat.
572 2312 659 2386 lude
687 2312 860 2402 debello,
887 2312 1029 2410 ejusque
1048 2307 1213 2384 vastanti·

173 2405 244 2476 bus
269 2425 311 2478 ac
336 2407 536 2499 perniciosis
562 2407 704 2504 sequelis
728 2409 921 2484 adhibetur.
1025 2460 1034 2481 .
1139 2406 1187 2483 Π.
1211 2443 1215 2454 ’
1236 2413 1308 2503 389

73 2519 133 2593 pu
158 2504 336 2574 tentorium
353 2503 478 2598 figere,
504 2505 622 2600 pallito
647 2506 692 2578 de
718 2506 929 2602 temporaria
955 2527 997 2579 ac
1024 2505 1211 2580 tumultua-

179 2597 235 2670 ria
268 2597 486 2672 habitatione
519 2602 640 2685 venit,
672 2600 780 2697 qualia
813 2602 864 2674 est
889 2604 1042 2674 Arabum
1066 2597 1211 2675 scenita-

180 2713 286 2778 rum,
312 2693 371 2788 qui
399 2694 459 2767 hic
484 2690 574 2783 illic,
600 2715 637 2767 ut
653 2717 708 2768 res
725 2713 762 2768 et
780 2696 916 2771 occasio
933 2695 1074 2787 ferunt,
1099 2698 1210 2793 pabu-

174 2787 321 2881 lumque
347 2789 380 2862 se
405 2791 578 2884 pascendo
601 2789 725 2888 pecori
751 2791 879 2878 offert,
904 2816 968 2885 pro
994 2792 1094 2864 brevi
1122 2813 1211 2866 tem·

181 2905 273 3052 pope
299 2888 452 2961 tentoria
479 2885 612 2982 figunt,
638 2888 834 2984 pabuloque
853 2890 1030 2977 absorpto,
1053 2887 1211 2963 aliorsum
1300 2920 1309 2936 ·

182 2999 351 3057 reum.
455 3037 466 3057 .
820 3040 829 3058 .
955 3040 967 3058 .
1094 2991 1252 3060 ,ἀ

82 3073 146 3148 abu
167 3074 204 3148 in
230 2999 397 3152 friardello
422 3074 631 3174 potestatem
656 3083 751 3154 suam
779 3078 926 3165 exserit,
955 3081 1043 3156 uode
1256 3003 1305 3080 59

133 3175 238 3246 mlv
253 3171 379 3269 'offeres
406 3175 506 3266 suut,
530 3181 639 3252 crenis
661 3198 700 3253 et
715 3174 868 3252 incitbris
882 3175 1059 3269 instructi,
1083 3195 1118 3253 et
1133 3201 1208 3256 cre·
1257 3233 1260 3240 .
1298 3203 1305 3254 :

179 3269 432 3366 natimjunili.
558 3325 568 3346 .
680 3331 690 3351 .
802 3331 810 3350 .
915 3331 925 3350 .
1030 3331 1040 3352 .
1144 3336 1152 3355 .
1258 3281 1305 3360 28

85 3368 147 3452 nlo
168 3363 310 3534 ρζορτίᾳ
342 3384 443 3540 offic
473 3368 627 3465 liquidum
659 3369 729 3448 else
761 3387 798 3446 et
830 3370 1072 3470 defoecatum,
1106 3375 1211 3452 instar
1298 3431 1304 3446 .

209 3481 246 3534 ut
273 3483 315 3537 rt.
432 3485 452 3538 e

137 3559 191 3637 ‚bu
210 3486 388 3634 cribratus
413 3577 534 3653 notat,
568 3563 611 3638 ab
644 3559 702 3640 illa
726 3566 846 3666 liquati
874 3582 911 3639 et
935 3567 1074 3664 pinguis
1099 3568 1217 3642 notio·

183 3671 248 3752 llll
270 3653 349 3748 sunl
370 3653 466 3758 enlm
490 3657 692 3758 ¹nutumicea
717 3662 961 3766 pinguiffiuaac
983 3686 1087 3760 aves,
1111 3683 1218 3761 quare

593 3754 764 3860 abab,
1085 3863 1089 3870 Ι
1173 3755 1310 3848 Arabo
