3128 4438
443 247 445 251 ’
553 243 664 327 Serui.
691 245 792 324 XVI.
865 268 868 276 ’
1207 273 1280 352 233

78 421 283 538 iornanrniii
315 425 420 538 latini
449 423 655 537 ertendeie,
681 427 803 502 harum
831 421 1067 523 quaestionum
1091 424 1267 526 reipeuu.

77 520 733 728 quivaCelrriiX‘iliiliiiiiidmiiiiiisi574.
757 614 852 728 causa
869 615 1152 732 Reformatorunr
1168 621 1273 734 insig·

76 714 297 909 iiiiii
318 713 1194 902 lilii‘lililllilill²llilllil¹
1208 725 1272 888 ll.

77 907 204 980 vendam
226 927 393 995 movens,
419 929 498 980 cuni
514 906 650 978 suorum
667 903 763 978 clade
780 907 894 978 caesus
918 903 988 995 est,
1013 931 1078 982 una
1101 931 1181 984 curn
1203 912 1271 984 sra-

77 1015 123 1072 ire
148 1003 330 1091 Heurico,
370 1023 407 1074 er
438 999 686 1096 Cliristupboro
717 999 886 1074 Elecioris
920 1001 1062 1076 Palatini
1095 1003 1189 1094 filio,
1231 1007 1269 1082 in

74 1113 184 1192 campo
208 1097 358 1172 Movici
382 1097 424 1170 ad
442 1096 579 1170 Mosam
600 1091 904 1194 (Moolrerbeide.)
932 1097 1140 1194 Lugdunum
1156 1099 1272 1176 aretis·

76 1189 144 1266 lima
164 1193 305 1289 quoque
336 1193 561 1289 premebatur
592 1191 793 1280 obsidione,
823 1191 950 1287 absque
976 1213 1014 1265 ιιι
1036 1193 1190 1283 animos,
1215 1197 1270 1270 di'·

75 1285 279 1363 riffirnaiieet
293 1285 499 1382 graliaretur
515 1286 644 1376 samer,
671 1287 909 1380 desponderit.
943 1287 1087 1362 Penuria
1100 1295 1270 1384 pecuniae

16 1415 17 1420 ¹
74 1401 140 1472 nim
164 1385 339 1457 chartacei
362 1385 573 1456 cuderentur
599 1384 731 1454 nummi
754 1405 832 1456 cuni
858 1379 1101 1478 inscriptione,
1133 1385 1271 1461 liberta·

72 1482 108 1549 tis
127 1501 220 1572 ergo,
245 1500 351 1574 aegre
367 1479 402 1552 id
417 1482 571 1552 tulerunt
592 1475 740 1552 ministri
762 1479 866 1564 sacri,
893 1480 951 1587 qui
974 1482 1141 1572 religionis
1168 1506 1265 1578 ergo,

72 1575 240 1664 volebant,
272 1595 313 1648 et
345 1592 530 1669 propterea
560 1593 626 1668 pro
651 1572 824 1648 concione
851 1575 931 1648 sarm
954 1573 1180 1669 inprudenter
1207 1603 1270 1674 pu·

73 1665 149 1742 blice
171 1670 415 1745 declamarent.
467 1671 606 1743 interea
626 1667 696 1740 lioc
718 1666 796 1762 ipsu
827 1689 1004 1762 tempore,
1028 1670 1117 1764 quod
1134 1673 1176 1745 ad
1193 1673 1271 1746 nos·
1373 1669 1378 1680 ’

73 1782 150 1838 num
172 1765 291 1842 sorum
317 1763 480 1838 dirediiua
507 1762 657 1858 spebiat,
683 1764 791 1854 prima
816 1763 975 1855 synodus
999 1761 1113 1836 babira
1129 1766 1178 1839 est
1195 1768 1271 1840 Na·

72 1859 211 1952 tiunalir,
237 1881 278 1936 ut
302 1862 448 1947 dicitur,
477 1863 530 1931 nel
555 1861 674 1952 potius
696 1857 899 1930 liollandiae
913 1860 949 1928 et
964 1855 1144 1932 Zelandiae
1162 1860 1270 1933 Dord-

72 1962 148 2045 riri,
177 1981 248 2032 non
275 1956 415 2054 quidem
438 1953 609 2048 Principia
640 1970 675 2023 ei
698 1952 870 2026 Ordiuuni
904 1953 1081 2039 Decreto,
1116 1972 1270 2034 etiamen

76 2073 180 2125 eorum
202 2054 394 2142 consensu,
428 2055 484 2124 seu
506 2048 743 2142 periniffione,
776 2064 814 2124 ut
837 2067 931 2120 certa
955 2048 1119 2142 quaedam
1146 2051 1268 2126 Eccle-

75 2143 179 2222 siarum
203 2148 469 2222 ordinandarum
493 2167 534 2216 ac
560 2147 853 2240 gubernandarum
879 2165 998 2217 norma
1021 2146 1267 2236 praescribere·

75 2259 129 2314 tur.
172 2245 268 2318 Inter
291 2244 389 2339 cujus
407 2240 538 2336 Synodi
555 2261 703 2312 mounes
727 2238 803 2312 sunt
828 2237 953 2334 aliqui,
972 2243 1030 2334 qui
1053 2240 1268 2316 animadver-

76 2333 188 2410 sionem
215 2360 413 2426 merentur,
439 2359 493 2410 eir.
518 2357 570 2429 gr.
599 2357 629 2406 i.
651 2334 749 2406 Libri
775 2332 1029 2407 haereticorum
1055 2357 1092 2406 ut
1112 2339 1267 2412 emedio

77 2430 232 2508 Ecclesiae
257 2437 482 2520 tollerentur,
516 2431 626 2502 voluit
647 2430 824 2524 Synodur,
851 2450 902 2508 ιιι,
917 2429 1068 2505 Ecclesia
1096 2453 1137 2504 ea
1161 2437 1205 2506 de
1230 2457 1273 2508 re.
1405 2509 1411 2524 ,

75 2529 195 2620 publice
216 2521 485 2612 admoneretur,
512 2527 604 2597 libris
627 2523 716 2621 ipsiu¹
731 2545 846 2598 tarueu
864 2546 966 2619 parce
983 2524 1186 2616 nominatis,
1214 2530 1271 2604 Bi-

75 2625 229 2720 bliopulae
257 2629 302 2698 ab
329 2623 538 2720 inpreffiune
561 2639 599 2692 ei
628 2619 832 2693 venditione
864 2621 1134 2711 absterreaniur,
1169 2624 1268 2698 deni·

76 2720 184 2811 quein
206 2722 363 2796 membra
387 2714 561 2792 Ecclesiae
584 2716 772 2808 prudenter
796 2715 1048 2812 inquireretur,
1074 2738 1156 2792 num
1182 2722 1265 2794 tales

77 2811 163 2889 ibrur
184 2819 352 2902 babeant,
377 2833 415 2888 et
438 2815 480 2887 ab
502 2809 543 2884 iii
563 2808 810 2886 abstrahantur.
846 2833 877 2885 i.
903 2810 1079 2885 Conseffio
1104 2813 1268 2911 Belgica,
1400 2851 1404 2857 ·

78 2905 113 2980 de
139 2933 202 3005 qua
232 2915 332 3008 supra
361 2907 523 3004 exposui,
558 2927 578 2976 a
610 2904 784 2986 Ministrir
816 2925 884 2978 non
915 2921 1070 2996 tantum,
1103 2909 1161 2982 sed
1190 2930 1269 2988 eia

78 3003 347 3102 Ludimagiilrir,
370 3026 410 3076 ac
436 3003 626 3076 senioribus
649 3001 838 3088 Ecclesiae,
864 2999 1113 3096 subscriptione
1128 3003 1271 3081 decreta

79 3098 120 3174 est
133 3101 347 3176 adsumenda.
373 3123 405 3194 3.
432 3096 663 3172 Cutecbisinur
679 3095 1001 3190 Heidelbergeusrr,
1021 3093 1267 3194 statutumest,

79 3213 110 3266 ut
130 3199 164 3269 in
184 3197 343 3272 omnibus
359 3193 521 3268 Ecclesiir
536 3191 712 3280 obtineat,
735 3207 771 3265 et
789 3193 971 3272 doceatur,
997 3193 1047 3267 iia
1063 3212 1201 3284 tamen,
1229 3219 1268 3276 ut

81 3285 103 3362 i
120 3313 199 3385 quae
216 3277 364 3366 Ecclesia'
378 3293 447 3364 alio
463 3306 635 3374 uteretur,
658 3287 762 3362 modo
779 3288 890 3364 verbo
908 3286 979 3361 Dei
997 3289 1190 3366 conformis
1207 3292 1276 3388 fir,

80 3401 140 3456 non
165 3383 204 3460 sit
225 3389 474 3472 inhibendum
499 3383 678 3481 praeterea
714 3401 751 3456 ut
767 3405 888 3457 ornnes
911 3384 1009 3456 uerbi
1037 3381 1109 3460 Dei
1126 3387 1274 3468 ministri

82 3477 298 3575 declararent,
337 3485 371 3558 se
405 3485 546 3554 verbum
582 3475 651 3550 Dei
691 3499 756 3571 pro
792 3475 948 3576 perfebia
980 3479 1134 3557 doiirina
1161 3481 1275 3562 salutii

84 3570 214 3656 habere.
237 3599 317 3653 curn
335 3579 399 3652 bac
416 3572 577 3671 singulari
593 3569 828 3664 restrictione,
844 3571 1035 3674 summatim
1055 3601 1120 3648 roni
1142 3580 1276 3673 reiense

90 3665 346 3846 ΌιιΤιιιιφῗῘιὴιι
369 3676 403 3754 iri
430 3658 576 3768 Ecclesia
603 3670 709 3841 iloffiri
724 3667 841 3767 solim,
889 3668 989 3748 Alios
1009 3595 1173 3756 iuterim
1192 3675 1282 3760 mit-2

149 3788 201 3843 illl.
299 3824 309 3847 .
692 3785 729 3840 m
1227 3792 1279 3852 to.
