<?xml version="1.0" encoding="UTF-8"?>
<!DOCTYPE html PUBLIC "-//W3C//DTD XHTML 1.0 Transitional//EN"
    "http://www.w3.org/TR/xhtml1/DTD/xhtml1-transitional.dtd">
<html xmlns="http://www.w3.org/1999/xhtml" xml:lang="en" lang="en">
 <head>
  <title>
</title>
<meta http-equiv="Content-Type" content="text/html;charset=utf-8" />
  <meta name='ocr-system' content='tesseract 3.04.00' />
  <meta name='ocr-capabilities' content='ocr_page ocr_carea ocr_par ocr_line ocrx_word'/>
</head>
<body>
  <div class='ocr_page' id='page_1' title='image "./hermannivenemai06venegoog/hermannivenemai06venegoog_0229.png"; bbox 0 0 3128 4438; ppageno 0'>
   <div class='ocr_carea' id='block_1_1' title="bbox 266 261 1113 374">
    <p class='ocr_par' dir='ltr' id='par_1_1' title="bbox 266 261 1113 374">
     <span class='ocr_line' id='line_1_1' title="bbox 266 261 1113 374; baseline 0 -26"><span class='ocrx_word' id='word_1_1' title='bbox 266 293 340 360; x_wconf 67' lang='lat' dir='ltr'>aaa</span> <span class='ocrx_word' id='word_1_2' title='bbox 668 261 816 374; x_wconf 72' lang='lat' dir='ltr'>luston</span> <span class='ocrx_word' id='word_1_3' title='bbox 837 265 966 371; x_wconf 73' lang='lat' dir='ltr'>Ercltss</span> <span class='ocrx_word' id='word_1_4' title='bbox 990 263 1113 370; x_wconf 69' lang='lat' dir='ltr'>Christi</span> 
     </span>
    </p>
   </div>
   <div class='ocr_carea' id='block_1_2' title="bbox 274 445 1503 954">
    <p class='ocr_par' dir='ltr' id='par_1_2' title="bbox 274 445 1502 648">
     <span class='ocr_line' id='line_1_2' title="bbox 274 445 1502 552; baseline -0.003 -14"><span class='ocrx_word' id='word_1_5' title='bbox 274 463 420 548; x_wconf 82' lang='lat' dir='ltr'>sannae,</span> <span class='ocrx_word' id='word_1_6' title='bbox 446 449 636 552; x_wconf 83' lang='lat' dir='ltr'>parebant3</span> <span class='ocrx_word' id='word_1_7' title='bbox 669 452 919 530; x_wconf 75' lang='lat' dir='ltr'>reformationi</span> <span class='ocrx_word' id='word_1_8' title='bbox 939 452 1038 527; x_wconf 92' lang='lat' dir='ltr'>omni</span> <span class='ocrx_word' id='word_1_9' title='bbox 1071 449 1210 531; x_wconf 84' lang='lat' dir='ltr'>occluso</span> <span class='ocrx_word' id='word_1_10' title='bbox 1236 445 1361 542; x_wconf 77' lang='lat' dir='ltr'>auito,</span> <span class='ocrx_word' id='word_1_11' title='bbox 1390 447 1502 535; x_wconf 82' lang='lat' dir='ltr'>donet</span> 
     </span>
     <span class='ocr_line' id='line_1_3' title="bbox 275 547 1281 648; baseline -0.006 -18"><span class='ocrx_word' id='word_1_12' title='bbox 275 553 468 632; x_wconf 87' lang='lat' dir='ltr'>Bern&#39;enset</span> <span class='ocrx_word' id='word_1_13' title='bbox 491 573 547 625; x_wconf 89' lang='lat' dir='ltr'>eas</span> <span class='ocrx_word' id='word_1_14' title='bbox 570 571 675 625; x_wconf 85' lang='lat' dir='ltr'>terras</span> <span class='ocrx_word' id='word_1_15' title='bbox 700 551 921 648; x_wconf 83' lang='lat' dir='ltr'>occuparint.</span> <span class='ocrx_word' id='word_1_16' title='bbox 970 549 1031 623; x_wconf 88' lang='lat' dir='ltr'>De</span> <span class='ocrx_word' id='word_1_17' title='bbox 1054 571 1126 647; x_wconf 89' lang='lat' dir='ltr'>quo</span> <span class='ocrx_word' id='word_1_18' title='bbox 1148 547 1281 648; x_wconf 84' lang='lat' dir='ltr'>postea.</span> 
     </span>
    </p>

    <p class='ocr_par' dir='ltr' id='par_1_3' title="bbox 274 643 1503 954">
     <span class='ocr_line' id='line_1_4' title="bbox 323 643 1501 750; baseline -0.003 -25"><span class='ocrx_word' id='word_1_19' title='bbox 323 653 357 750; x_wconf 67' lang='lat' dir='ltr'>s.</span> <span class='ocrx_word' id='word_1_20' title='bbox 381 647 539 725; x_wconf 81' lang='lat' dir='ltr'>ccxxl.</span> <span class='ocrx_word' id='word_1_21' title='bbox 576 649 744 738; x_wconf 82' lang='lat' dir='ltr'>Genavae,</span> <span class='ocrx_word' id='word_1_22' title='bbox 778 647 879 745; x_wconf 87' lang='lat' dir='ltr'>cujus</span> <span class='ocrx_word' id='word_1_23' title='bbox 903 644 1163 721; x_wconf 74' lang='lat' dir='ltr'>reformationis</span> <span class='ocrx_word' id='word_1_24' title='bbox 1186 643 1410 722; x_wconf 81' lang='lat' dir='ltr'>fundamenta</span> <span class='ocrx_word' id='word_1_25' title='bbox 1432 647 1501 722; x_wconf 90' lang='lat' dir='ltr'>hoc</span> 
     </span>
     <span class='ocr_line' id='line_1_5' title="bbox 277 742 1501 844; baseline -0.005 -22"><span class='ocrx_word' id='word_1_26' title='bbox 277 767 442 844; x_wconf 86' lang='lat' dir='ltr'>tempore</span> <span class='ocrx_word' id='word_1_27' title='bbox 463 742 557 843; x_wconf 70' lang='lat' dir='ltr'>jabin</span> <span class='ocrx_word' id='word_1_28' title='bbox 580 746 679 836; x_wconf 87' lang='lat' dir='ltr'>sunt,</span> <span class='ocrx_word' id='word_1_29' title='bbox 718 743 762 819; x_wconf 87' lang='lat' dir='ltr'>ad</span> <span class='ocrx_word' id='word_1_30' title='bbox 790 765 891 843; x_wconf 85' lang='lat' dir='ltr'>quarn</span> <span class='ocrx_word' id='word_1_31' title='bbox 915 742 1093 817; x_wconf 89' lang='lat' dir='ltr'>billoriam</span> <span class='ocrx_word' id='word_1_32' title='bbox 1119 743 1313 819; x_wconf 87' lang='lat' dir='ltr'>adcuratiur</span> <span class='ocrx_word' id='word_1_33' title='bbox 1332 743 1440 840; x_wconf 84' lang='lat' dir='ltr'>paolo</span> <span class='ocrx_word' id='word_1_34' title='bbox 1465 767 1501 817; x_wconf 89' lang='lat' dir='ltr'>e·</span> 
     </span>
     <span class='ocr_line' id='line_1_6' title="bbox 274 837 1503 954; baseline -0.006 -34"><span class='ocrx_word' id='word_1_35' title='bbox 274 843 479 920; x_wconf 77' lang='lat' dir='ltr'>narrandam</span> <span class='ocrx_word' id='word_1_36' title='bbox 550 862 635 938; x_wconf 88' lang='lat' dir='ltr'>rgo,</span> <span class='ocrx_word' id='word_1_37' title='bbox 660 839 743 915; x_wconf 91' lang='lat' dir='ltr'>licet</span> <span class='ocrx_word' id='word_1_38' title='bbox 768 862 841 915; x_wconf 93' lang='lat' dir='ltr'>non</span> <span class='ocrx_word' id='word_1_39' title='bbox 866 839 1042 932; x_wconf 87' lang='lat' dir='ltr'>deelfent,</span> <span class='ocrx_word' id='word_1_40' title='bbox 1086 861 1174 954; x_wconf 70' lang='lat' dir='ltr'>quae</span> <span class='ocrx_word' id='word_1_41' title='bbox 1201 837 1293 915; x_wconf 88' lang='lat' dir='ltr'>viam</span> <span class='ocrx_word' id='word_1_42' title='bbox 1322 841 1365 914; x_wconf 91' lang='lat' dir='ltr'>ad</span> <span class='ocrx_word' id='word_1_43' title='bbox 1389 839 1503 915; x_wconf 86' lang='lat' dir='ltr'>refor-</span> 
     </span>
    </p>
   </div>
   <div class='ocr_carea' id='block_1_3' title="bbox 271 932 1506 1615">
    <p class='ocr_par' dir='ltr' id='par_1_4' title="bbox 271 932 1506 1615">
     <span class='ocr_line' id='line_1_7' title="bbox 274 932 1502 1047; baseline -0.005 -31"><span class='ocrx_word' id='word_1_44' title='bbox 274 939 470 1016; x_wconf 83' lang='lat' dir='ltr'>mationem</span> <span class='ocrx_word' id='word_1_45' title='bbox 524 958 650 1011; x_wconf 87' lang='lat' dir='ltr'>ernere</span> <span class='ocrx_word' id='word_1_46' title='bbox 675 937 905 1024; x_wconf 89' lang='lat' dir='ltr'>videbantur,</span> <span class='ocrx_word' id='word_1_47' title='bbox 920 1029 930 1046; x_wconf 45' lang='lat'><strong>·</strong></span> <span class='ocrx_word' id='word_1_48' title='bbox 944 935 1162 1012; x_wconf 79' lang='lat' dir='ltr'>invincibilia</span> <span class='ocrx_word' id='word_1_49' title='bbox 1191 936 1267 1010; x_wconf 87' lang='lat' dir='ltr'>fere</span> <span class='ocrx_word' id='word_1_50' title='bbox 1288 932 1371 1047; x_wconf 33' lang='lat' dir='ltr'>&#39;sese</span> <span class='ocrx_word' id='word_1_51' title='bbox 1395 940 1502 1014; x_wconf 81' lang='lat' dir='ltr'>obtu-</span> 
     </span>
     <span class='ocr_line' id='line_1_8' title="bbox 271 1029 1502 1228; baseline 0.006 -18"><span class='ocrx_word' id='word_1_52' title='bbox 271 1029 1361 1228; x_wconf 59' lang='lat' dir='ltr'>lellullttln,vulteranensissaltatu.</span> <span class='ocrx_word' id='word_1_53' title='bbox 1382 1035 1502 1224; x_wconf 76' lang='lat' dir='ltr'>alr</span> 
     </span>
     <span class='ocr_line' id='line_1_9' title="bbox 276 1225 1504 1344; baseline -0.005 -38"><span class='ocrx_word' id='word_1_54' title='bbox 276 1248 320 1306; x_wconf 90' lang='lat' dir='ltr'>ac</span> <span class='ocrx_word' id='word_1_55' title='bbox 346 1227 461 1318; x_wconf 86' lang='lat' dir='ltr'>Cleri,</span> <span class='ocrx_word' id='word_1_56' title='bbox 496 1226 671 1344; x_wconf 76' lang='lat' dir='ltr'>summum</span> <span class='ocrx_word' id='word_1_57' title='bbox 696 1231 840 1300; x_wconf 85' lang='lat' dir='ltr'>tenebat</span> <span class='ocrx_word' id='word_1_58' title='bbox 860 1225 1018 1320; x_wconf 81' lang='lat' dir='ltr'>gradum.</span> <span class='ocrx_word' id='word_1_59' title='bbox 1077 1226 1166 1338; x_wconf 69' lang='lat' dir='ltr'>Vid.</span> <span class='ocrx_word' id='word_1_60' title='bbox 1199 1226 1435 1339; x_wconf 77' lang='lat' dir='ltr'>spanhemius</span> <span class='ocrx_word' id='word_1_61' title='bbox 1464 1227 1504 1308; x_wconf 86' lang='lat' dir='ltr'>in</span> 
     </span>
     <span class='ocr_line' id='line_1_10' title="bbox 275 1319 1504 1530; baseline 0.002 -34"><span class='ocrx_word' id='word_1_62' title='bbox 275 1319 1504 1530; x_wconf 49' lang='lat' dir='ltr'>ilf‘iir&#39;liisslisrdriili&#39;,Vilimssllipsillldilflimiliii</span> 
     </span>
     <span class='ocr_line' id='line_1_11' title="bbox 273 1513 1506 1615; baseline -0.002 -22"><span class='ocrx_word' id='word_1_63' title='bbox 273 1516 381 1593; x_wconf 89' lang='lat' dir='ltr'>Unde</span> <span class='ocrx_word' id='word_1_64' title='bbox 399 1535 582 1588; x_wconf 78' lang='lat' dir='ltr'>innumera</span> <span class='ocrx_word' id='word_1_65' title='bbox 598 1513 706 1604; x_wconf 87' lang='lat' dir='ltr'>mala,</span> <span class='ocrx_word' id='word_1_66' title='bbox 733 1533 772 1588; x_wconf 93' lang='lat' dir='ltr'>ut</span> <span class='ocrx_word' id='word_1_67' title='bbox 787 1523 930 1606; x_wconf 83' lang='lat' dir='ltr'>caeder,</span> <span class='ocrx_word' id='word_1_68' title='bbox 955 1514 1190 1615; x_wconf 88' lang='lat' dir='ltr'>spohatrones,</span> <span class='ocrx_word' id='word_1_69' title='bbox 1217 1518 1323 1606; x_wconf 82' lang='lat' dir='ltr'>bella,</span> <span class='ocrx_word' id='word_1_70' title='bbox 1348 1515 1506 1592; x_wconf 89' lang='lat' dir='ltr'>obsrdro·</span> 
     </span>
    </p>
   </div>
   <div class='ocr_carea' id='block_1_4' title="bbox 119 1609 1505 1712">
    <p class='ocr_par' dir='ltr' id='par_1_5' title="bbox 119 1609 1505 1712">
     <span class='ocr_line' id='line_1_12' title="bbox 119 1609 1505 1712; baseline 0.001 -23"><span class='ocrx_word' id='word_1_71' title='bbox 119 1627 121 1634; x_wconf 82' lang='grc'>’</span> <span class='ocrx_word' id='word_1_72' title='bbox 271 1635 337 1689; x_wconf 84' lang='lat' dir='ltr'>stes</span> <span class='ocrx_word' id='word_1_73' title='bbox 356 1609 467 1703; x_wconf 85' lang='lat' dir='ltr'>urbis,</span> <span class='ocrx_word' id='word_1_74' title='bbox 492 1609 647 1708; x_wconf 90' lang='lat' dir='ltr'>aliaque,</span> <span class='ocrx_word' id='word_1_75' title='bbox 674 1612 868 1686; x_wconf 84' lang='lat' dir='ltr'>ortasunt.</span> <span class='ocrx_word' id='word_1_76' title='bbox 919 1609 1019 1712; x_wconf 86' lang='lat' dir='ltr'>Quae</span> <span class='ocrx_word' id='word_1_77' title='bbox 1034 1610 1319 1687; x_wconf 87' lang='lat' dir='ltr'>concertationes</span> <span class='ocrx_word' id='word_1_78' title='bbox 1333 1635 1417 1687; x_wconf 85' lang='lat' dir='ltr'>cum</span> <span class='ocrx_word' id='word_1_79' title='bbox 1436 1615 1505 1690; x_wconf 88' lang='lat' dir='ltr'>Ca·</span> 
     </span>
    </p>
   </div>
   <div class='ocr_carea' id='block_1_5' title="bbox 150 1705 1505 3908">
    <p class='ocr_par' dir='ltr' id='par_1_6' title="bbox 150 1705 1505 3908">
     <span class='ocr_line' id='line_1_13' title="bbox 273 1705 1502 1808; baseline 0.007 -26"><span class='ocrx_word' id='word_1_80' title='bbox 273 1709 354 1782; x_wconf 91' lang='lat' dir='ltr'>rolo</span> <span class='ocrx_word' id='word_1_81' title='bbox 378 1709 463 1799; x_wconf 92' lang='lat' dir='ltr'>lll.,</span> <span class='ocrx_word' id='word_1_82' title='bbox 500 1705 603 1784; x_wconf 89' lang='lat' dir='ltr'>Duce</span> <span class='ocrx_word' id='word_1_83' title='bbox 629 1706 841 1799; x_wconf 86' lang='lat' dir='ltr'>Sabaudine,</span> <span class='ocrx_word' id='word_1_84' title='bbox 874 1707 917 1782; x_wconf 91' lang='lat' dir='ltr'>ab</span> <span class='ocrx_word' id='word_1_85' title='bbox 941 1733 973 1786; x_wconf 86' lang='lat' dir='ltr'>a.</span> <span class='ocrx_word' id='word_1_86' title='bbox 1002 1731 1108 1802; x_wconf 85' lang='lat'>1511.</span> <span class='ocrx_word' id='word_1_87' title='bbox 1135 1709 1240 1804; x_wconf 90' lang='lat' dir='ltr'>usque</span> <span class='ocrx_word' id='word_1_88' title='bbox 1263 1707 1306 1783; x_wconf 80' lang='lat' dir='ltr'>ad</span> <span class='ocrx_word' id='word_1_89' title='bbox 1328 1729 1358 1783; x_wconf 89' lang='lat' dir='ltr'>a.</span> <span class='ocrx_word' id='word_1_90' title='bbox 1389 1731 1502 1808; x_wconf 80' lang='lat'>1535.</span> 
     </span>
     <span class='ocr_line' id='line_1_14' title="bbox 267 1803 1505 1904; baseline 0.002 -22"><span class='ocrx_word' id='word_1_91' title='bbox 267 1805 459 1897; x_wconf 78' lang='lat' dir='ltr'>durarunt,</span> <span class='ocrx_word' id='word_1_92' title='bbox 501 1823 573 1904; x_wconf 85' lang='lat' dir='ltr'>quo</span> <span class='ocrx_word' id='word_1_93' title='bbox 607 1805 726 1882; x_wconf 88' lang='lat' dir='ltr'>omnia</span> <span class='ocrx_word' id='word_1_94' title='bbox 762 1805 818 1878; x_wconf 87' lang='lat' dir='ltr'>sua</span> <span class='ocrx_word' id='word_1_95' title='bbox 846 1804 925 1900; x_wconf 79' lang='lat' dir='ltr'>J&#39;ura</span> <span class='ocrx_word' id='word_1_96' title='bbox 952 1806 1106 1900; x_wconf 85' lang='lat' dir='ltr'>perdidit</span> <span class='ocrx_word' id='word_1_97' title='bbox 1138 1805 1243 1898; x_wconf 81' lang='lat' dir='ltr'>Dux,</span> <span class='ocrx_word' id='word_1_98' title='bbox 1284 1822 1322 1877; x_wconf 86' lang='lat' dir='ltr'>et</span> <span class='ocrx_word' id='word_1_99' title='bbox 1348 1803 1505 1885; x_wconf 78' lang='lat' dir='ltr'>Genera</span> 
     </span>
     <span class='ocr_line' id='line_1_15' title="bbox 267 1901 1502 2000; baseline 0 -22"><span class='ocrx_word' id='word_1_100' title='bbox 267 1903 372 1980; x_wconf 79' lang='lat' dir='ltr'>‘nacla</span> <span class='ocrx_word' id='word_1_101' title='bbox 394 1901 445 1978; x_wconf 89' lang='lat' dir='ltr'>est</span> <span class='ocrx_word' id='word_1_102' title='bbox 471 1901 683 1980; x_wconf 88' lang='lat' dir='ltr'>libertatem.</span> <span class='ocrx_word' id='word_1_103' title='bbox 731 1901 815 1976; x_wconf 87' lang='lat' dir='ltr'>Vid.</span> <span class='ocrx_word' id='word_1_104' title='bbox 841 1903 939 1997; x_wconf 90' lang='lat' dir='ltr'>Spon</span> <span class='ocrx_word' id='word_1_105' title='bbox 975 1903 1013 1974; x_wconf 90' lang='lat' dir='ltr'>io</span> <span class='ocrx_word' id='word_1_106' title='bbox 1037 1903 1113 2000; x_wconf 79' lang='lat' dir='ltr'>llll.</span> <span class='ocrx_word' id='word_1_107' title='bbox 1140 1901 1303 1976; x_wconf 75' lang='lat' dir='ltr'>Genesar.</span> <span class='ocrx_word' id='word_1_108' title='bbox 1355 1923 1391 1996; x_wconf 80' lang='lat'>3.</span> <span class='ocrx_word' id='word_1_109' title='bbox 1420 1905 1502 1978; x_wconf 88' lang='lat' dir='ltr'>Fri·</span> 
     </span>
     <span class='ocr_line' id='line_1_16' title="bbox 268 1993 1503 2094; baseline 0.001 -19"><span class='ocrx_word' id='word_1_110' title='bbox 268 1999 476 2094; x_wconf 85' lang='lat' dir='ltr'>burgenfes,</span> <span class='ocrx_word' id='word_1_111' title='bbox 503 1995 704 2094; x_wconf 82' lang='lat' dir='ltr'>quibuscum</span> <span class='ocrx_word' id='word_1_112' title='bbox 728 2017 836 2094; x_wconf 90' lang='lat' dir='ltr'>aeque</span> <span class='ocrx_word' id='word_1_113' title='bbox 853 2019 898 2071; x_wconf 87' lang='lat' dir='ltr'>ac</span> <span class='ocrx_word' id='word_1_114' title='bbox 922 2017 1003 2072; x_wconf 88' lang='lat' dir='ltr'>curn</span> <span class='ocrx_word' id='word_1_115' title='bbox 1028 1998 1257 2074; x_wconf 84' lang='lat' dir='ltr'>Beroensrbus</span> <span class='ocrx_word' id='word_1_116' title='bbox 1272 1993 1369 2071; x_wconf 76' lang='lat' dir='ltr'>arelo</span> <span class='ocrx_word' id='word_1_117' title='bbox 1393 2000 1503 2094; x_wconf 86' lang='lat' dir='ltr'>junc-</span> 
     </span>
     <span class='ocr_line' id='line_1_17' title="bbox 270 2089 1499 2191; baseline 0.003 -25"><span class='ocrx_word' id='word_1_118' title='bbox 270 2095 299 2168; x_wconf 87' lang='lat' dir='ltr'>ti</span> <span class='ocrx_word' id='word_1_119' title='bbox 330 2109 428 2166; x_wconf 87' lang='lat' dir='ltr'>erant</span> <span class='ocrx_word' id='word_1_120' title='bbox 449 2090 596 2164; x_wconf 85' lang='lat' dir='ltr'>foedere</span> <span class='ocrx_word' id='word_1_121' title='bbox 619 2089 867 2184; x_wconf 86' lang='lat' dir='ltr'>Genevenses,</span> <span class='ocrx_word' id='word_1_122' title='bbox 891 2091 1021 2189; x_wconf 88' lang='lat' dir='ltr'>quique</span> <span class='ocrx_word' id='word_1_123' title='bbox 1044 2117 1167 2170; x_wconf 91' lang='lat' dir='ltr'>eorum</span> <span class='ocrx_word' id='word_1_124' title='bbox 1192 2090 1368 2191; x_wconf 82' lang='lat' dir='ltr'>praecipui</span> <span class='ocrx_word' id='word_1_125' title='bbox 1391 2117 1499 2172; x_wconf 88' lang='lat' dir='ltr'>erant</span> 
     </span>
     <span class='ocr_line' id='line_1_18' title="bbox 150 2188 1497 2292; baseline 0.005 -30"><span class='ocrx_word' id='word_1_126' title='bbox 150 2215 153 2227; x_wconf 90' lang='lat'>·</span> <span class='ocrx_word' id='word_1_127' title='bbox 265 2188 434 2292; x_wconf 82' lang='lat' dir='ltr'>patroni,</span> <span class='ocrx_word' id='word_1_128' title='bbox 470 2204 507 2259; x_wconf 93' lang='lat' dir='ltr'>et</span> <span class='ocrx_word' id='word_1_129' title='bbox 530 2203 721 2278; x_wconf 88' lang='lat' dir='ltr'>tutatores,</span> <span class='ocrx_word' id='word_1_130' title='bbox 747 2207 844 2264; x_wconf 90' lang='lat' dir='ltr'>erant</span> <span class='ocrx_word' id='word_1_131' title='bbox 875 2189 1036 2264; x_wconf 88' lang='lat' dir='ltr'>acerrimi</span> <span class='ocrx_word' id='word_1_132' title='bbox 1062 2190 1322 2266; x_wconf 80' lang='lat' dir='ltr'>reformationis</span> <span class='ocrx_word' id='word_1_133' title='bbox 1345 2189 1497 2288; x_wconf 80' lang='lat' dir='ltr'>hostes,</span> 
     </span>
     <span class='ocr_line' id='line_1_19' title="bbox 198 2281 1497 2384; baseline 0.006 -26"><span class='ocrx_word' id='word_1_134' title='bbox 198 2365 203 2376; x_wconf 57' lang='grc'><strong><em>,</em></strong></span> <span class='ocrx_word' id='word_1_135' title='bbox 267 2283 329 2382; x_wconf 89' lang='lat' dir='ltr'>qui</span> <span class='ocrx_word' id='word_1_136' title='bbox 357 2283 444 2356; x_wconf 84' lang='lat' dir='ltr'>nibil</span> <span class='ocrx_word' id='word_1_137' title='bbox 468 2305 541 2368; x_wconf 90' lang='lat' dir='ltr'>non</span> <span class='ocrx_word' id='word_1_138' title='bbox 573 2281 716 2358; x_wconf 87' lang='lat' dir='ltr'>adeam</span> <span class='ocrx_word' id='word_1_139' title='bbox 749 2285 800 2360; x_wconf 91' lang='lat' dir='ltr'>ibi</span> <span class='ocrx_word' id='word_1_140' title='bbox 817 2283 1112 2384; x_wconf 65' lang='lat' dir='ltr'>¹exstinguendam</span> <span class='ocrx_word' id='word_1_141' title='bbox 1137 2303 1298 2383; x_wconf 84' lang='lat' dir='ltr'>egerunt.</span> <span class='ocrx_word' id='word_1_142' title='bbox 1347 2286 1497 2365; x_wconf 85' lang='lat' dir='ltr'>Foedus</span> 
     </span>
     <span class='ocr_line' id='line_1_20' title="bbox 265 2377 1498 2480; baseline 0.008 -27"><span class='ocrx_word' id='word_1_143' title='bbox 265 2379 415 2458; x_wconf 80' lang='lat' dir='ltr'>illud‘ab</span> <span class='ocrx_word' id='word_1_144' title='bbox 443 2401 474 2455; x_wconf 89' lang='lat' dir='ltr'>a.</span> <span class='ocrx_word' id='word_1_145' title='bbox 505 2385 612 2472; x_wconf 81' lang='lat'>1526.</span> <span class='ocrx_word' id='word_1_146' title='bbox 644 2380 689 2454; x_wconf 91' lang='lat' dir='ltr'>ad</span> <span class='ocrx_word' id='word_1_147' title='bbox 716 2400 762 2474; x_wconf 77' lang='lat'>25</span> <span class='ocrx_word' id='word_1_148' title='bbox 786 2401 896 2478; x_wconf 87' lang='lat' dir='ltr'>annos</span> <span class='ocrx_word' id='word_1_149' title='bbox 916 2377 986 2456; x_wconf 89' lang='lat' dir='ltr'>fuit</span> <span class='ocrx_word' id='word_1_150' title='bbox 1010 2383 1161 2472; x_wconf 89' lang='lat' dir='ltr'>initum,</span> <span class='ocrx_word' id='word_1_151' title='bbox 1194 2381 1375 2480; x_wconf 87' lang='lat' dir='ltr'>postquam</span> <span class='ocrx_word' id='word_1_152' title='bbox 1407 2407 1498 2463; x_wconf 86' lang='lat' dir='ltr'>cum</span> 
     </span>
     <span class='ocr_line' id='line_1_21' title="bbox 263 2469 1496 2575; baseline 0.006 -24"><span class='ocrx_word' id='word_1_153' title='bbox 263 2469 459 2574; x_wconf 78' lang='lat' dir='ltr'>Ftiburgiis</span> <span class='ocrx_word' id='word_1_154' title='bbox 488 2477 561 2574; x_wconf 86' lang='lat' dir='ltr'>jam</span> <span class='ocrx_word' id='word_1_155' title='bbox 593 2477 636 2550; x_wconf 88' lang='lat' dir='ltr'>ab</span> <span class='ocrx_word' id='word_1_156' title='bbox 668 2497 699 2553; x_wconf 87' lang='lat' dir='ltr'>a.</span> <span class='ocrx_word' id='word_1_157' title='bbox 731 2487 837 2569; x_wconf 79' lang='lat'>1518.</span> <span class='ocrx_word' id='word_1_158' title='bbox 868 2474 1496 2575; x_wconf 76' lang='lat' dir='ltr'>foillentfoederejmtti.31mer</span> 
     </span>
     <span class='ocr_line' id='line_1_22' title="bbox 262 2570 1497 2672; baseline 0.005 -24"><span class='ocrx_word' id='word_1_159' title='bbox 262 2574 307 2649; x_wconf 85' lang='lat' dir='ltr'>&#39;ea</span> <span class='ocrx_word' id='word_1_160' title='bbox 330 2595 438 2664; x_wconf 88' lang='lat' dir='ltr'>vero,</span> <span class='ocrx_word' id='word_1_161' title='bbox 465 2573 620 2672; x_wconf 75' lang='lat' dir='ltr'>quae‘ab</span> <span class='ocrx_word' id='word_1_162' title='bbox 635 2573 737 2647; x_wconf 89' lang='lat' dir='ltr'>altera</span> <span class='ocrx_word' id='word_1_163' title='bbox 754 2593 853 2670; x_wconf 86' lang='lat' dir='ltr'>parre</span> <span class='ocrx_word' id='word_1_164' title='bbox 876 2570 1041 2648; x_wconf 84' lang='lat' dir='ltr'>favebant</span> <span class='ocrx_word' id='word_1_165' title='bbox 1066 2575 1332 2666; x_wconf 84' lang='lat' dir='ltr'>reformationi,</span> <span class='ocrx_word' id='word_1_166' title='bbox 1358 2591 1397 2650; x_wconf 89' lang='lat' dir='ltr'>tt</span> <span class='ocrx_word' id='word_1_167' title='bbox 1413 2578 1497 2653; x_wconf 87' lang='lat' dir='ltr'>adi·</span> 
     </span>
     <span class='ocr_line' id='line_1_23' title="bbox 262 2667 1495 2768; baseline 0.005 -24"><span class='ocrx_word' id='word_1_168' title='bbox 262 2688 337 2744; x_wconf 90' lang='lat' dir='ltr'>tum</span> <span class='ocrx_word' id='word_1_169' title='bbox 369 2671 557 2763; x_wconf 88' lang='lat' dir='ltr'>parabant,</span> <span class='ocrx_word' id='word_1_170' title='bbox 583 2667 650 2744; x_wconf 84' lang='lat' dir='ltr'>fnit</span> <span class='ocrx_word' id='word_1_171' title='bbox 682 2691 715 2744; x_wconf 88' lang='lat' dir='ltr'>r.</span> <span class='ocrx_word' id='word_1_172' title='bbox 732 2671 825 2768; x_wconf 81' lang='lat' dir='ltr'>quod</span> <span class='ocrx_word' id='word_1_173' title='bbox 850 2671 1039 2744; x_wconf 86' lang='lat' dir='ltr'>Bernenset</span> <span class='ocrx_word' id='word_1_174' title='bbox 1060 2694 1138 2746; x_wconf 89' lang='lat' dir='ltr'>earn</span> <span class='ocrx_word' id='word_1_175' title='bbox 1158 2672 1288 2745; x_wconf 91' lang='lat' dir='ltr'>fuerint</span> <span class='ocrx_word' id='word_1_176' title='bbox 1311 2671 1423 2764; x_wconf 87' lang='lat' dir='ltr'>tuiti,</span> <span class='ocrx_word' id='word_1_177' title='bbox 1449 2696 1495 2754; x_wconf 87' lang='lat' dir='ltr'>er</span> 
     </span>
     <span class='ocr_line' id='line_1_24' title="bbox 263 2764 1498 2865; baseline 0.006 -25"><span class='ocrx_word' id='word_1_178' title='bbox 263 2766 431 2854; x_wconf 86' lang='lat' dir='ltr'>monitis,</span> <span class='ocrx_word' id='word_1_179' title='bbox 455 2764 714 2862; x_wconf 86' lang='lat' dir='ltr'>autoritateque</span> <span class='ocrx_word' id='word_1_180' title='bbox 737 2769 794 2840; x_wconf 87' lang='lat' dir='ltr'>lira</span> <span class='ocrx_word' id='word_1_181' title='bbox 807 2765 1063 2865; x_wconf 85' lang='lat' dir='ltr'>promoverint.</span> <span class='ocrx_word' id='word_1_182' title='bbox 1114 2789 1147 2844; x_wconf 84' lang='lat'>2.</span> <span class='ocrx_word' id='word_1_183' title='bbox 1168 2768 1298 2843; x_wconf 87' lang='lat' dir='ltr'>Clerici</span> <span class='ocrx_word' id='word_1_184' title='bbox 1314 2789 1352 2841; x_wconf 86' lang='lat' dir='ltr'>et</span> <span class='ocrx_word' id='word_1_185' title='bbox 1370 2771 1498 2848; x_wconf 90' lang='lat' dir='ltr'>Cano·</span> 
     </span>
     <span class='ocr_line' id='line_1_25' title="bbox 262 2860 1492 2960; baseline 0.002 -24"><span class='ocrx_word' id='word_1_186' title='bbox 262 2861 336 2952; x_wconf 82' lang='lat' dir='ltr'>niti</span> <span class='ocrx_word' id='word_1_187' title='bbox 359 2863 452 2953; x_wconf 87' lang='lat' dir='ltr'>sele,</span> <span class='ocrx_word' id='word_1_188' title='bbox 480 2881 517 2934; x_wconf 90' lang='lat' dir='ltr'>et</span> <span class='ocrx_word' id='word_1_189' title='bbox 542 2883 679 2934; x_wconf 90' lang='lat' dir='ltr'>morum</span> <span class='ocrx_word' id='word_1_190' title='bbox 704 2860 951 2960; x_wconf 88' lang='lat' dir='ltr'>corruptione,</span> <span class='ocrx_word' id='word_1_191' title='bbox 985 2881 1023 2937; x_wconf 86' lang='lat' dir='ltr'>et</span> <span class='ocrx_word' id='word_1_192' title='bbox 1048 2862 1256 2960; x_wconf 87' lang='lat' dir='ltr'>tyrannide,</span> <span class='ocrx_word' id='word_1_193' title='bbox 1295 2865 1492 2960; x_wconf 83' lang='lat' dir='ltr'>quodque,</span> 
     </span>
     <span class='ocr_line' id='line_1_26' title="bbox 261 2955 1489 3058; baseline 0.002 -26"><span class='ocrx_word' id='word_1_194' title='bbox 261 2977 423 3058; x_wconf 81' lang='lat' dir='ltr'>tempore</span> <span class='ocrx_word' id='word_1_195' title='bbox 455 2955 762 3032; x_wconf 84' lang='lat' dir='ltr'>molestiliimarnm</span> <span class='ocrx_word' id='word_1_196' title='bbox 793 2981 871 3032; x_wconf 91' lang='lat' dir='ltr'>cum</span> <span class='ocrx_word' id='word_1_197' title='bbox 898 2961 1000 3033; x_wconf 90' lang='lat' dir='ltr'>Duce</span> <span class='ocrx_word' id='word_1_198' title='bbox 1030 2961 1347 3048; x_wconf 86' lang='lat' dir='ltr'>concertationum,</span> <span class='ocrx_word' id='word_1_199' title='bbox 1389 2959 1489 3040; x_wconf 86' lang='lat' dir='ltr'>nihil</span> 
     </span>
     <span class='ocr_line' id='line_1_27' title="bbox 260 3052 1490 3138; baseline 0.003 -9"><span class='ocrx_word' id='word_1_200' title='bbox 260 3054 434 3138; x_wconf 85' lang='lat' dir='ltr'>redituum</span> <span class='ocrx_word' id='word_1_201' title='bbox 457 3075 493 3128; x_wconf 90' lang='lat' dir='ltr'>et</span> <span class='ocrx_word' id='word_1_202' title='bbox 524 3057 860 3132; x_wconf 87' lang='lat' dir='ltr'>bonorum&#39;suorum</span> <span class='ocrx_word' id='word_1_203' title='bbox 884 3055 960 3129; x_wconf 91' lang='lat' dir='ltr'>urbi</span> <span class='ocrx_word' id='word_1_204' title='bbox 977 3053 1206 3130; x_wconf 89' lang='lat' dir='ltr'>sublevandae</span> <span class='ocrx_word' id='word_1_205' title='bbox 1233 3052 1406 3130; x_wconf 85' lang='lat' dir='ltr'>voluerint</span> <span class='ocrx_word' id='word_1_206' title='bbox 1421 3054 1490 3133; x_wconf 82' lang='lat' dir='ltr'>in-</span> 
     </span>
     <span class='ocr_line' id='line_1_28' title="bbox 258 3149 1495 3252; baseline 0.006 -27"><span class='ocrx_word' id='word_1_207' title='bbox 258 3153 434 3252; x_wconf 88' lang='lat' dir='ltr'>pendere,</span> <span class='ocrx_word' id='word_1_208' title='bbox 473 3151 570 3226; x_wconf 88' lang='lat' dir='ltr'>valde</span> <span class='ocrx_word' id='word_1_209' title='bbox 596 3151 757 3227; x_wconf 90' lang='lat' dir='ltr'>fecerunt</span> <span class='ocrx_word' id='word_1_210' title='bbox 789 3149 939 3231; x_wconf 86' lang='lat' dir='ltr'>odiosos.</span> <span class='ocrx_word' id='word_1_211' title='bbox 987 3153 1155 3250; x_wconf 86' lang='lat' dir='ltr'>Inprimis</span> <span class='ocrx_word' id='word_1_212' title='bbox 1187 3154 1322 3226; x_wconf 86' lang='lat' dir='ltr'>alrimot</span> <span class='ocrx_word' id='word_1_213' title='bbox 1347 3151 1495 3233; x_wconf 86' lang='lat' dir='ltr'>civium</span> 
     </span>
     <span class='ocr_line' id='line_1_29' title="bbox 258 3246 1493 3345; baseline 0.006 -25"><span class='ocrx_word' id='word_1_214' title='bbox 258 3250 529 3322; x_wconf 73' lang='lat' dir='ltr'>exacerbaverat</span> <span class='ocrx_word' id='word_1_215' title='bbox 555 3246 698 3322; x_wconf 89' lang='lat' dir='ltr'>ultimus</span> <span class='ocrx_word' id='word_1_216' title='bbox 723 3247 936 3345; x_wconf 86' lang='lat' dir='ltr'>Episcopus,</span> <span class='ocrx_word' id='word_1_217' title='bbox 969 3249 1093 3323; x_wconf 87' lang='lat' dir='ltr'>Petrus</span> <span class='ocrx_word' id='word_1_218' title='bbox 1116 3249 1249 3334; x_wconf 90' lang='lat' dir='ltr'>Palma,</span> <span class='ocrx_word' id='word_1_219' title='bbox 1283 3269 1387 3344; x_wconf 88' lang='lat' dir='ltr'>raptu</span> <span class='ocrx_word' id='word_1_220' title='bbox 1415 3250 1493 3327; x_wconf 90' lang='lat' dir='ltr'>ho·</span> 
     </span>
     <span class='ocr_line' id='line_1_30' title="bbox 258 3342 1492 3448; baseline 0.007 -31"><span class='ocrx_word' id='word_1_221' title='bbox 258 3342 466 3418; x_wconf 85' lang='lat' dir='ltr'>nestiffimae</span> <span class='ocrx_word' id='word_1_222' title='bbox 487 3344 622 3438; x_wconf 89' lang='lat' dir='ltr'>puellae</span> <span class='ocrx_word' id='word_1_223' title='bbox 644 3365 674 3418; x_wconf 90' lang='lat' dir='ltr'>a.</span> <span class='ocrx_word' id='word_1_224' title='bbox 694 3364 826 3438; x_wconf 62' lang='lat'>1527„</span> <span class='ocrx_word' id='word_1_225' title='bbox 863 3365 1022 3442; x_wconf 87' lang='lat' dir='ltr'>tempore</span> <span class='ocrx_word' id='word_1_226' title='bbox 1049 3343 1366 3448; x_wconf 78' lang='lat' dir='ltr'>Quadragefrmali,</span> <span class='ocrx_word' id='word_1_227' title='bbox 1408 3371 1492 3445; x_wconf 91' lang='lat' dir='ltr'>quo</span> 
     </span>
     <span class='ocr_line' id='line_1_31' title="bbox 255 3437 1493 3540; baseline 0.01 -28"><span class='ocrx_word' id='word_1_228' title='bbox 255 3440 356 3540; x_wconf 90' lang='lat' dir='ltr'>plebs</span> <span class='ocrx_word' id='word_1_229' title='bbox 387 3437 453 3514; x_wconf 86' lang='lat' dir='ltr'>fuit</span> <span class='ocrx_word' id='word_1_230' title='bbox 487 3442 686 3528; x_wconf 87' lang='lat' dir='ltr'>concitata,</span> <span class='ocrx_word' id='word_1_231' title='bbox 725 3439 787 3516; x_wconf 84' lang='lat' dir='ltr'>vix</span> <span class='ocrx_word' id='word_1_232' title='bbox 819 3463 883 3537; x_wconf 92' lang='lat' dir='ltr'>per</span> <span class='ocrx_word' id='word_1_233' title='bbox 912 3442 1060 3539; x_wconf 88' lang='lat' dir='ltr'>puellam</span> <span class='ocrx_word' id='word_1_234' title='bbox 1092 3440 1288 3517; x_wconf 88' lang='lat' dir='ltr'>restitutam</span> <span class='ocrx_word' id='word_1_235' title='bbox 1322 3442 1493 3526; x_wconf 81' lang='lat' dir='ltr'>sedanda.</span> 
     </span>
     <span class='ocr_line' id='line_1_32' title="bbox 257 3535 1490 3638; baseline 0.006 -28"><span class='ocrx_word' id='word_1_236' title='bbox 257 3537 339 3638; x_wconf 84' lang='lat' dir='ltr'>Quo</span> <span class='ocrx_word' id='word_1_237' title='bbox 362 3535 488 3610; x_wconf 87' lang='lat' dir='ltr'>eodem</span> <span class='ocrx_word' id='word_1_238' title='bbox 520 3557 612 3610; x_wconf 89' lang='lat' dir='ltr'>anno</span> <span class='ocrx_word' id='word_1_239' title='bbox 637 3559 670 3630; x_wconf 84' lang='lat'>3·</span> <span class='ocrx_word' id='word_1_240' title='bbox 704 3536 844 3618; x_wconf 81' lang='lat' dir='ltr'>accelirt</span> <span class='ocrx_word' id='word_1_241' title='bbox 873 3536 1044 3612; x_wconf 89' lang='lat' dir='ltr'>sententia</span> <span class='ocrx_word' id='word_1_242' title='bbox 1074 3537 1490 3638; x_wconf 79' lang='lat' dir='ltr'>excommunicationis,</span> 
     </span>
     <span class='ocr_line' id='line_1_33' title="bbox 254 3629 1488 3732; baseline 0.004 -24"><span class='ocrx_word' id='word_1_243' title='bbox 254 3640 298 3708; x_wconf 87' lang='lat' dir='ltr'>ab</span> <span class='ocrx_word' id='word_1_244' title='bbox 323 3629 604 3732; x_wconf 82' lang='lat' dir='ltr'>Arcbiepiscopo</span> <span class='ocrx_word' id='word_1_245' title='bbox 631 3631 848 3724; x_wconf 85' lang='lat' dir='ltr'>Viennenli,</span> <span class='ocrx_word' id='word_1_246' title='bbox 881 3635 1166 3730; x_wconf 86' lang='lat' dir='ltr'>Metropolitano</span> <span class='ocrx_word' id='word_1_247' title='bbox 1192 3633 1488 3732; x_wconf 86' lang='lat' dir='ltr'>Genevenliunr,·</span> 
     </span>
     <span class='ocr_line' id='line_1_34' title="bbox 246 3726 1488 3902; baseline 0.006 -96"><span class='ocrx_word' id='word_1_248' title='bbox 246 3726 319 3870; x_wconf 66' lang='lat' dir='ltr'>lara</span> <span class='ocrx_word' id='word_1_249' title='bbox 340 3729 377 3808; x_wconf 93' lang='lat' dir='ltr'>in</span> <span class='ocrx_word' id='word_1_250' title='bbox 402 3729 647 3830; x_wconf 85' lang='lat' dir='ltr'>Magistratum</span> <span class='ocrx_word' id='word_1_251' title='bbox 672 3751 782 3832; x_wconf 84' lang='lat' dir='ltr'>aeque</span> <span class='ocrx_word' id='word_1_252' title='bbox 813 3751 855 3809; x_wconf 90' lang='lat' dir='ltr'>ac</span> <span class='ocrx_word' id='word_1_253' title='bbox 878 3731 1053 3831; x_wconf 89' lang='lat' dir='ltr'>populum</span> <span class='ocrx_word' id='word_1_254' title='bbox 1080 3731 1347 3902; x_wconf 51' lang='lat' dir='ltr'>Genevenfenei,</span> <span class='ocrx_word' id='word_1_255' title='bbox 1377 3741 1488 3826; x_wconf 88' lang='lat' dir='ltr'>quod</span> 
     </span>
     <span class='ocr_line' id='line_1_35' title="bbox 808 3847 1490 3908; baseline 0.009 -6"><span class='ocrx_word' id='word_1_256' title='bbox 808 3860 825 3882; x_wconf 54' lang='lat'>⁸·</span> <span class='ocrx_word' id='word_1_257' title='bbox 965 3879 967 3884; x_wconf 88' lang='lat'><em>·</em></span> <span class='ocrx_word' id='word_1_258' title='bbox 1295 3868 1313 3903; x_wconf 79' lang='lat' dir='ltr'>a</span> <span class='ocrx_word' id='word_1_259' title='bbox 1341 3847 1490 3908; x_wconf 56' lang='lat' dir='ltr'>imme·</span> 
     </span>
    </p>
   </div>
   <div class='ocr_carea' id='block_1_6' title="bbox 0 0 1568 4438">
    <p class='ocr_par' dir='ltr' id='par_1_7' title="bbox 0 0 1568 4438">
     <span class='ocr_line' id='line_1_36' title="bbox 0 0 1568 4438; baseline 0 9"><span class='ocrx_word' id='word_1_260' title='bbox 0 0 1568 4438; x_wconf 95' lang='lat' dir='ltr'> </span> 
     </span>
    </p>
   </div>
  </div>
 </body>
</html>
