3148 4434
414 219 421 232 .
564 160 671 243 sicot.
697 163 797 244 XVI.
861 169 880 182 ”
1125 259 1128 266 ,
1220 195 1291 269 431

52 343 287 442 dignitatibus
322 344 408 418 inter
441 345 607 431 concites,
645 343 729 420 nollo
757 343 926 441 religionis
964 341 1151 441 discrimine
1180 351 1311 444 distri-r

53 446 208 530 luendis,
223 443 446 537 generaliter,
472 461 509 515 tet
521 455 599 516 'erat
617 460 801 536 conceptum
811 493 824 528 ‚
846 459 1010 532 maneret,
1028 444 1108 516 nolli
1123 462 1233 522 tamen
1251 455 1288 524 in

54 543 235 615 Brevinciir
253 543 394 630 iuridici
410 539 1012 636 Praetores,tribunaliamcaosoran
1023 540 1215 637 atsffores,
1228 563 1287 620 ant

55 643 235 730 cognitores
246 637 372 732 Regii,
389 654 595 725 crearentur,
614 639 668 730 qai
685 658 744 708 non
762 639 921 731 majoram
928 634 1034 730 sacra
1050 649 1198 716 coierent.
1217 643 1285 715 Ve-

56 737 197 830 rificatio
214 730 588 826 vero,qttoe‘dicitur,
602 732 638 804 in
659 731 1129 808 l'orlomentiearmodemum
1141 740 1286 836 sequen·

56 853 111 918 ee,
130 827 208 925 poll
224 831 329 904 varia
344 829 400 902 Re
426 825 452 901 ‘o
463 829 570 922 julla,
587 825 639 900 est
658 825 830 918 perfeeto,
843 845 881 899 et
899 827 1052 901 edilium
1069 831 1281 910 declaratum

51 925 275 1000 irrevocabile.
314 923 372 1022 Qu
444 925 548 1018 usque
577 925 618 996 ad
643 923 865 996 Ludovicum
891 921 993 999 XIV.
1023 925 1094 998 vim
1111 927 1281 1038 aliquare.

52 1045 113 1096 mm
142 1020 331 1106 obtinuit,
363 1039 401 1094 et
434 1019 652 1094 Reformatis
678 1019 757 1114 satie
781 1018 1000 1115 tranquillum
1026 1021 1201 1115 praestitit
1222 1048 1280 1099 re·

52 1115 188 1212 ligionie
213 1115 440 1190 exercitium.
491 1114 599 1212 Cujuo
625 1111 804 1188 historiam
829 1115 999 1212 quiverit
1025 1115 1277 1213 prolixiorem,

51 1215 146 1286 adeat
161 1211 279 1288 Eliam
296 1209 546 1298 Benedillum,
567 1213 623 1284 seu
644 1211 769 1284 Bonoit
785 1212 823 1284 in
841 1209 918 1285 hist.
936 1209 1043 1284 edicti
1064 1211 1278 1298 Namneten·

55 1308 103 1383 fio.
148 1311 210 1385 Sic
236 1308 384 1384 tandem
399 1310 523 1383 eadem
539 1307 578 1382 in
595 1309 698 1393 urbe,
725 1307 759 1380 iro
776 1329 841 1404 quo
858 1307 971 1403 prima
988 1307 1278 1390 Reformatotum

54 1403 163 1480 coitio
190 1425 323 1480 contra
359 1402 563 1493 Guisranoo,
595 1403 776 1500 religionis
797 1406 915 1493 causo,
940 1425 1022 1480 ante
1046 1405 1189 1519 triginta
1211 1433 1280 1484 no·

57 1523 134 1574 vem
159 1523 295 1590 annos,
323 1497 413 1573 faeta
438 1499 571 1586 luerat,
599 1522 687 1594 quae
711 1497 808 1572 bellio
830 1497 1013 1590 civilibus,
1040 1521 1147 1576 torreo
1172 1527 1278 1601 repe.

58 1597 146 1686 titio,
169 1593 292 1672 aulam
321 1595 504 1693 praebuit,
538 1595 692 1668 edilium
717 1593 786 1667 hoe
811 1595 1089 1687 pacificatorium
1114 1596 1178 1672 luit
1202 1603 1278 1674 for·

59 1711 208 1782 motum3
245 1711 308 1782 ut,
346 1710 508 1788 tanquam
540 1713 560 1763 a
591 1686 733 1764 curioso
757 1690 998 1777 observatum,
1025 1691 1195 1766 'l'huanuo
1216 1698 1276 1775 lib.

59 1789 161 1865 CXX.
185 1789 323 1874 refert,
356 1791 446 1881 opud
480 1809 583 1883 qut-m
613 1785 715 1859 etiam
743 1782 802 1856 lib.
829 1784 974 1898 exitu,
1009 1783 1076 1880 legi
1101 1807 1282 1866 merentur

57 1881 1283 2076 littettn‘lllte.¹³titgeri?eliezillttttftt:

61 2074 189 2170 Regem
212 2077 417 2159 declarare,
443 2077 578 2148 edilium
602 2074 679 2164 liae,
703 2077 785 2168 qaod
798 2088 963 2169 tantopere
979 2095 1042 2148 eta
1066 2078 1188 2163 itatnr,
1215 2103 1282 2156 nan
1431 2139 1433 2146 .

61 2187 120 2244 tom
149 2177 243 2267 pacis
287 2169 545 2266 Protestantibas
572 2173 699 2245 landae
730 2167 831 2267 caasa
851 2173 983 2265 fallam
1004 2099 1086 2269 fil,
1118 2197 1213 2268 qnam
1238 2199 1284 2253 nt

65 2269 170 2342 tellam
192 2278 287 2344 inter
310 2291 365 2340 nas
387 2269 504 2342 labere
528 2289 722 2361 cogeremur.

102 2363 132 2460 ᾖ.
155 2364 434 2441 CCCCXXXll.
479 2361 632 2438 Historia
673 2379 848 2452 tentatae,
881 2383 926 2436 ex
953 2381 1054 2457 parte
1072 2364 1276 2461 medellae,

66 2456 343 2544 Reformationio
365 2459 516 2548 Galliae,
542 2459 760 2549 summatim,
787 2483 852 2554 pro
873 2457 1025 2534 instituti
1050 2459 1156 2536 nostri
1171 2465 1279 2539 ratio·

66 2574 122 2645 ne,
154 2561 304 2645 tradita,
336 2559 448 2630 verbo
482 2554 754 2650 subjungendum
780 2555 944 2643 videtur,
979 2556 1063 2630 licet
1088 2559 1175 2633 tanti
1202 2581 1275 2639 non

68 2648 123 2740 fit,
153 2677 221 2729 nee
254 2651 392 2727 causam
424 2651 642 2746 praeeipuam
679 2671 817 2748 tangat,
857 2652 1041 2746 colloquium
1076 2652 1168 2728 inter
1201 2656 1278 2752 Jac.
1315 2717 1318 2724 .

67 2743 153 2824 Dav.
190 2747 416 2835 Perlonium,
456 2747 666 2846 Episcopum
707 2745 973 2832 Ebroicenscm,
1007 2769 1044 2820 et
1077 2750 1278 2847 Philiopum

68 2838 272 2920 Moenoeum
296 2845 473 2934 Pleffium,
497 2844 610 2917 virum
630 2842 915 2933 celeberrimum,
940 2846 1019 2938 qui,
1044 2841 1130 2918 teste
1156 2849 1288 2926 Toua-¹

69 2957 129 3028 oo,
155 2943 350 3036 primariam
384 2941 457 3013 olim
486 2937 744 3034 familiaritatis
776 2937 890 3012 locum
925 2939 962 3012 in
987 2941 1095 3035 Regio
1120 2945 1214 3028 auto,
1240 2967 1281 3022 et

71 3031 145 3108 beili
166 3055 204 3112 et
228 3035 326 3134 pacit
346 3035 475 3110 oribus
499 3039 625 3124 clarus,
653 3055 844 3122 tenuerat,
859 3057 889 3108 a.
921 3041 1046 3125 1600,
1072 3039 1117 3110 de
1142 3040 1280 3118 Petram

73 3143 102 3200 et
120 3133 381 3228 Selialallicornm
413 3134 508 3220 locis,
542 3133 638 3205 reite
668 3154 711 3206 an
736 3134 825 3206 maie
850 3153 871 3204 a
893 3131 1091 3223 Mornaeo,
1124 3134 1161 3208 in
1188 3139 1297 3232 libro,

74 3222 115 3295 de
133 3227 341 3328 Encironflia
370 3227 511 3317 citatio,
542 3229 696 3302 habitum
721 3229 763 3302 od
788 3227 1153 3325 Fontembeilaqueum
1181 3256 1282 3329 prae·

72 3319 163 3397 lente
200 3325 304 3424 Rege
335 3325 506 3400 Henrico.
559 3325 615 3398 Ad
650 3323 743 3422 quod
780 3323 1002 3410 Perronium,
1035 3324 1092 3424 qui
1122 3327 1281 3424 dixerat,

76 3415 261 3516 quingenta
291 3423 366 3498 loco
390 3443 409 3493 a
435 3422 610 3496 Morooeo
636 3421 724 3496 male
746 3419 816 3496 elle
839 3417 1026 3518 produlia,
1063 3444 1283 3519 provocave-

75 3527 144 3597 nt,
173 3535 212 3590 ut
243 3515 327 3594 illud
361 3514 637 3606 demonstraret,
677 3517 882 3592 Mornaeut.
941 3517 1050 3589 Pauca
1081 3539 1170 3590 vero
1202 3523 1281 3597 loca

77 3616 203 3690 mlum
229 3613 268 3696 ln
297 3615 433 3697 lectiam
464 3607 1283 3788 ⁹¹⁰di²¹r¹¹1⁰1ffi²d⁸⁰⁶hmffimim⁸gi⁰l⁸

720 3731 747 3810 4
1173 3731 1284 3812 petua
