3098 4436
469 285 475 294 ,
571 210 680 289 Serus.
705 213 806 292 XVI.
961 203 963 208 ⁸
1223 239 1293 314 349

80 409 150 481 iiii,
176 405 211 462 et
234 386 406 484 supplicio
430 385 608 480 adsessos,
634 389 684 463 est
716 388 925 464 Cu'thbertui
949 389 1088 466 lllainui
1111 390 1293 481 sacerdos,

75 485 278 561 Pontificiae
308 503 430 562 contra
463 486 662 578 Principem
694 486 872 578 potentiae
897 485 1051 561 adsertor
1079 489 1285 575 acerrimus,

76 603 112 656 et
137 601 341 667 contumax,
376 603 413 652 ut
437 581 656 654 cambdenus
687 582 791 666 rescit
813 605 843 655 a.
874 605 978 675 1577.
1028 583 1084 656 Ad
1109 607 1209 678 quani
1235 583 1285 655 le·

42 763 48 776 Ι
77 680 252 752 veritatem
278 673 454 770 compulsa
483 676 631 750 traditur
662 677 802 772 Regina
826 677 1300 770 per'tuibulentasi'ontisis

77 773 203 849 ciorum
228 790 334 857 artes,
360 768 482 865 quibui
507 771 562 842 Re
590 794 692 859 nuni,
718 791 899 864 praetextu
916 774 1115 870 religionis.
1140 793 1284 848 contur-

79 871 154 945 bare
181 866 326 962 adgressi
360 869 456 942 suni:
491 797 587 962 quoi
615 866 652 940 in
682 867 806 960 primii
846 866 1005 942 fecerunt
1036 867 1208 964 Jesuicae,
1241 888 1281 944 et

76 961 251 1038 Seminarii
277 964 397 1057 Angli.
447 961 505 1035 De
539 963 662 1053 quibu,
692 962 1007 1057 lengaiubdenus
1037 988 1068 1037 a·
1105 973 1210 1054 1580.
1248 981 1286 1038 et

76 1067 428 1255 ¹5llLCCCXLVlll.
449 1152 753 1231 Commacularunt
771 1151 945 1242 etiam,et
961 1156 1140 1228 turbarunt
1158 1153 1284 1226 Eccle·
1385 1168 1388 1178 ·

74 1251 168 1340 fiam,
200 1268 239 1322 et
262 1245 527 1345 rempublicam,
551 1249 797 1346 Anglicanam‚
822 1248 978 1324 advenae
1003 1273 1048 1326 ex
1074 1248 1284 1338 Hoiiandia,

74 1347 227 1421 homines
256 1342 421 1431 fanatici,
453 1343 623 1440 adpellari
648 1369 669 1420 e
693 1343 832 1438 familia
867 1348 1008 1436 amorii,
1040 1343 1099 1420 seu
1121 1345 1282 1421 domicilio

76 1445 266 1528 claritatis,
290 1461 360 1535 quo
386 1438 489 1512 titulo
513 1437 548 1512 se
574 1439 639 1535 ipsi
664 1439 936 1534 insigniverunt'3
962 1441 1041 1537 qui,
1068 1438 1178 1515 socios
1202 1438 1284 1516 suot

75 1539 156 1614 solor
180 1537 250 1610 elle
277 1533 423 1625 eledios,
452 1533 646 1628 jaslabant,
680 1537 883 1635 licitumque
904 1535 1116 1626 statuebant,
1145 1536 1282 1632 jureju·

74 1636 177 1707 rando
212 1630 379 1728 quicquid
414 1633 509 1702 lubet
543 1635 670 1727 negare
700 1653 815 1709 coram
840 1631 1060 1728 Magistraiu.
1109 1635 1196 1706 Cum
1222 1653 1283 1706 ati·
1380 1635 1381 1640 ’

77 1749 142 1804 teni
175 1725 351 1820 fingularis
375 1723 531 1818 pictatis,
559 1727 615 1799 vel
640 1725 859 1815 devotionis,
884 1726 999 1820 specie
1024 1727 1058 1798 se
1083 1725 1119 1799 in
1145 1729 1282 1800 animur

77 1825 166 1920 vulgi
198 1821 427 1909 insinuarent,
463 1821 574 1893 variat
613 1841 751 1914 quoque
784 1817 982 1933 spargerent
1013 1817 1186 1909 haereses,
1220 1844 1283 1896 eoa

78 1921 184 1994 editio
207 1915 406 2011 compressit
432 1915 588 2009 Regina,
614 1914 710 1988 libtii
734 1913 808 2009 igni
832 1913 968 1989 traditis
991 1937 1022 1989 a.
1052 1922 1155 2003 1580.
1208 1915 1280 1990 Sed
1306 1959 1307 1967 κ

76 2014 288 2114 praecipuam
309 2031 458 2104 meretur
472 2008 709 2084 adtentionem
727 2009 865 2084 schisma
883 2011 1096 2100 Puri'ionum,
1115 2009 1279 2084 velPrei÷

78 2115 293 2207 balerianum,
318 2109 467 2202 indeque
490 2127 573 2180 mox
595 2107 882 2202 Independi'sticum
897 2127 1038 2196 ortum3
1064 2129 1133 2201 quo
1155 2106 1280 2187 Eccler

76 2208 132 2298 fia,
161 2229 244 2282 cuni
270 2201 418 2297 Regno,
443 2200 568 2274 mirum
583 2200 618 2274 in
636 2201 777 2282 modum
795 2203 953 2278 conculsa
968 2200 1039 2290 e'st,
1064 2202 1156 2277 unde
1172 2207 1280 2280 multa

76 2307 176 2394 mala,
201 2297 325 2374 caedes
348 2295 453 2369 etiarn
481 2316 518 2368 et
544 2297 705 2394 rapinae,
739 2297 776 2372 in
801 2299 923 2394 primii
945 2299 1070 2407 seculo·
1088 2299 1278 2394 sequente,
1395 2331 1398 2338 ·
1545 2289 1546 2312 ¹

77 2422 166 2472 ortae
186 2398 288 2482 sunt,
313 2392 394 2464 dum
419 2389 639 2468 inmoderato
660 2393 753 2480 zelo,
784 2397 828 2468 ab
856 2414 997 2489 utraque
1021 2413 1127 2466 eiiam
1153 2414 1277 2489 parte,
1341 2439 1343 2444 ·

76 2493 208 2570 litaiint.
258 2488 442 2582 Originem
473 2508 583 2562 autem
615 2490 707 2563 suani
731 2487 822 2563 liuic·
837 2489 952 2564 seculo
976 2487 1102 2575 debet,
1127 2489 1276 2562 remoti-

78 2613 165 2664 orem
189 2585 251 2660 sub
279 2583 408 2672 Maria,
441 2601 478 2655 et
507 2581 703 2680 propiorem
736 2583 795 2658 sub
819 2583 1027 2660 Elisabetha.
1075 2583 1173 2678 Quae
1203 2583 1278 2658 hit·

77 2686 160 2759 toria
181 2683 300 2769 varie,
325 2701 389 2772 pro
416 2677 570 2754 diversae
586 2680 693 2772 partis
708 2677 847 2764 studiis,
870 2697 1036 2758 narratur.
1080 2679 1279 2756 Conferen-

78 2777 204 2854 darell
230 2777 273 2852 ab
295 2776 397 2847 altera
429 2790 525 2869 parte
561 2775 751 2850 Gulielmus
786 2775 993 2851 Nicliolsius
1020 2775 1057 2848 iu
1093 2775 1276 2870 adparari,

78 2869 251 2973 praemisso
274 2867 463 2944 defensioni
489 2869 562 2963 ejus
576 2870 750 2944 Ecclesiae
765 2869 997 2964 Anglicanae,
1021 2872 1063 2944 ab
1079 2873 1181 2946 altera
1196 2895 1277 2968 par·

78 2991 111 3044 ie
132 2971 279 3067 Jacobus
302 2963 451 3039 Peirciui
474 2963 510 3038 in
534 2969 756 3040 commentario
778 2966 940 3060 Hilluri'ro
955 2966 1179 3059 Apologerita,
1212 2968 1274 3048 ille

76 3061 345 3162 Episcopalium,
364 3060 424 3133 liic
440 3060 802 3156 Presbyterianorum,
818 3061 935 3134 fautor
950 3077 986 3134 et
1000 3061 1173 3138 defensor.
1199 3065 1276 3136 Da·
1422 3061 1425 3070 “

78 3163 138 3249 bo,
159 3175 321 3256 quantum
340 3175 443 3250 pote,
469 3157 572 3251 paulo
587 3155 861 3248 adcuratiorem,
885 3153 943 3230 sed
967 3155 1183 3250 summatim,
1208 3181 1278 3254 pro
1384 3183 1386 3186 ·

81 3277 190 3343 inore,
214 3256 289 3349 ejus
312 3247 540 3326 intelleslum.
573 3251 774 3348 Postquam,
800 3251 891 3352 quod
916 3250 1157 3349 neglexi‚uno
1174 3274 1277 3330 nota·

80 3373 159 3422 vero
183 3351 314 3428 verbo,
347 3366 521 3420 mortuum
560 3347 626 3420 elle
658 3369 687 3424 a.
722 3371 827 3440 ¹595·
861 3346 1028 3446 insignem
1054 3349 1277 3445 Theologuni

81 3445 260 3518 Gulielmurn
278 3443 528 3534 miramini,
553 3441 782 3519 Prusefforem
809 3445 937 3520 Tlieol.
954 3445 1275 3542 cantabrigiensein

82 3562 139 3630 pei
159 3539 351 3636 quindecim
375 3561 503 3612 annos:
529 3561 599 3650 quo
621 3558 780 3638 ternpore
801 3539 952 3640 quaestio
975 3542 1109 3639 viguit,
1135 3541 1277 3635 infidis

89 3654 156 3710 itit
175 3653 205 3710 ti
222 3635 411 3736 justificans
434 3634 549 3714 amitti
575 3634 686 3730 polilt
738 3709 741 3720 ,

2 3751 3 3760 “
600 3728 713 3826 Xxg
995 3729 1028 3828 ς.
1051 3729 1271 3810 CCCXLIX.
