3148 4434
333 209 409 284 414
725 181 873 284 fflflrria
895 179 1025 286 Ecrlrs.
1048 182 1165 288 (inst.

335 366 449 462 Regia
475 361 741 462 Hispaniarum,
765 365 1003 464 aliorumque,
1025 363 1131 439 etiam
1151 357 1253 461 iplim
1268 350 1425 442 Balduini,
1439 351 1490 444 llll*

334 486 355 537 a
386 463 593 536 Reformata
623 462 801 555 religione
834 461 1062 551 abstrailurrr,
1095 459 1250 556 politicis
1280 457 1325 530 ufi
1346 444 1490 548 muodo

334 560 374 634 in
409 561 483 632 luae
517 579 696 632 traxerunt
729 580 883 656 parten·
911 557 993 660 Quo
1032 557 1145 636 freto.
1180 555 1401 641 uiolentorum
1426 539 1492 616 mol·

334 657 467 728 minum
502 661 653 750 primurn
689 652 861 750 specimen
901 653 1077 728 senserunt
1118 649 1286 740 Valliati,
1318 651 1357 721 ad
1386 649 1492 734 canpt-

329 751 409 824 triae
444 751 552 839 finer;
586 751 645 826 ubi
679 752 847 824 inermem
878 749 1028 824 fidelium
1062 767 1225 838 coetum,
1255 747 1297 818 ad
1323 744 1406 820 sacra
1426 751 1494 834 pert·

327 847 441 941 genda
471 847 652 936 corilum,
686 851 836 920 tumultu
870 846 1069 932 concitato,
1103 841 1226 918 Guisro
1258 840 1303 916 ibi
1334 839 1493 936 praesenter

327 963 397 1015 nec
421 941 647 1036 inpediente,
674 941 745 1016 sive
760 941 928 1031 noluerit,
952 939 1024 1014 live
1046 961 1117 1026 non
1134 939 1309 1034 potnerit,
1330 935 1430 1010 adorti
1448 931 1493 1003 Ca·

272 1123 281 1132 ,
326 1038 466 1126 abolici,
492 1061 559 1112 nec
582 1061 643 1112 ant
669 1040 787 1124 serua,
812 1056 868 1111 aut
891 1035 1030 1124 aetatis,
1057 1034 1171 1123 habita
1191 1034 1345 1124 ratione,
1367 1030 1435 1105 neci
1453 1027 1494 1095 de·

325 1133 470 1210 derunt:
496 1137 537 1208 ad
564 1141 612 1208 60
637 1135 738 1208 fuiffe
765 1155 921 1206 mortuos
947 1136 983 1206 in
1009 1133 1069 1207 illo
1092 1135 1260 1220 tumultu,
1283 1150 1319 1203 et
1342 1130 1426 1224 supra
1441 1141 1491 1211 290

325 1233 543 1319 vulnerator,
569 1232 772 1304 Tbuanurl
809 1227 942 1302 XXIX.
968 1225 1080 1304 tradit.
1129 1225 1216 1300 lnde
1241 1227 1393 1301 Valliato
1412 1223 1492 1292 Lutr-
1523 1261 1524 1314 3

322 1325 406 1396 tiam
437 1325 590 1420 profec'li
623 1325 748 1412 Guissi,
784 1324 841 1396 ubi
867 1329 1025 1399 Senatum
1056 1320 1116 1396 sibi
1146 1324 1318 1397 habebant
1337 1318 1490 1398 addition,

319 1441 396 1492 earn
420 1419 631 1515 magnifice,
658 1421 750 1491 inter
775 1420 928 1515 publicar
948 1419 1234 1508 adclamationes,
1261 1425 1350 1492 vivat
1366 1409 1488 1505 Gillo!
1523 1433 1524 1500 l

315 1513 465 1603 intrant,
497 1511 668 1610 armisque
693 1519 888 1608 complent,
922 1517 1101 1600 Condneo,
1125 1539 1144 1586 a
1170 1515 1310 1610 Regina
1341 1535 1398 1608 per
1418 1515 1487 1580 litte·
1523 1515 1524 1608 l

315 1631 371 1682 rar
392 1611 594 1698 admonito,
622 1612 763 1686 volente
792 1612 930 1684 nolente
959 1613 1167 1685 dilcedente.
1219 1611 1354 1704 Regem
1377 1625 1444 1679 mot
1461 1619 1488 1674 et
1523 1669 1524 1702 ,

310 1703 487 1804 Reginam
513 1709 680 1804 capiunt,
704 1728 740 1779 et
765 1709 897 1782 invitor
917 1709 1090 1780 abducunt
1109 1707 1309 1794 Lutetiam,
1335 1701 1483 1796 Regnique
1523 1711 1524 1798 ξ

310 1803 667 1893 administrationem,
707 1805 911 1878 Navarraeo
948 1804 1016 1896 jam
1057 1800 1097 1874 iis
1132 1799 1284 1888 devoto,
1319 1799 1482 1890 suscipiunt.
1523 1801 1524 1868 l

310 1899 478 2006 pondaeo
519 1901 652 1971 interea
682 1899 836 2008 Aureliae
876 1896 1030 1970 tendenti
1077 1897 1271 1986 optimates
1300 1917 1337 1969 et
1366 1887 1482 1999 Nobiltg

304 1992 1009 2176 llll„:lllllrlnffllllllllr‚
1030 1999 1480 2181 lllldllllllffll

278 2203 378 2270 ‚met
413 2180 744 2275 Rupefocaldensta,
777 2200 816 2254 et
847 2185 975 2277 aliquot
1012 2183 1150 2256 Ordinis
1181 2183 1348 2280 Equites,
1372 2188 1476 2276 praeter
1523 2181 1524 2228 l

301 2275 534 2370 Euangelicor
556 2297 685 2369 magno
708 2299 866 2353 numero.
917 2277 988 2376 Qui
1016 2301 1155 2367 omner,
1180 2276 1322 2354 foedere
1344 2277 1433 2361 inito,
1451 2263 1477 2336 se
1523 2269 1524 2344 l

301 2369 582 2459 obstrinxerunt,
608 2390 645 2442 ut
669 2371 805 2468 Regem
828 2371 867 2446 in
890 2374 1089 2447 libertatem
1119 2375 1324 2463 vindicent,
1348 2391 1382 2446 et
1402 2367 1474 2441 edit·
1523 2401 1524 2406 1

299 2483 374 2540 tum
408 2465 562 2562 Januarii
596 2487 716 2540 contra
747 2467 953 2542 violationes
977 2489 1110 2560 apertat
1139 2486 1316 2556 tueantur,
1343 2464 1472 2540 Condito

297 2561 473 2634 declarato
500 2563 612 2634 Duce.
665 2562 740 2658 lpsa
764 2563 924 2658 Regina,
958 2565 1136 2638 violentiir
1163 2563 1472 2652 'l'riumviraturpet

296 2657 493 2730 Condacum
517 2658 723 2744 intelledlir,
747 2681 849 2746 eum,
875 2681 914 2732 ut
940 2659 1034 2754 Regi
1064 2679 1101 2732 et
1129 2657 1191 2734 sibi
1218 2660 1363 2756 captivit
1388 2673 1470 2750 opem

293 2751 405 2840 ferar,
430 2753 556 2826 oravit.
608 2752 837 2828 Accelierunt
865 2777 957 2829 nova
979 2753 1058 2828 belli
1083 2754 1311 2830 incitamenta
1336 2775 1394 2850 per
1413 2770 1472 2820 cru·

249 2877 254 2888 ·
292 2845 378 2922 delia
403 2848 597 2922 Guisrorum
623 2849 799 2926 facinora:
825 2853 877 2923 uti
902 2852 939 2924 in
958 2851 1092 2945 oppido
1106 2853 1282 2926 Senonum
1301 2842 1467 2944 Agenotior

291 2943 333 3020 ad
358 2943 447 3018 fines
470 2945 709 3039 Burgundiae;
737 2946 815 3034 ubi,
842 2943 1026 3020 Cardiualie
1044 2945 1152 3018 Guilii
1165 2948 1275 3042 jnllu,
1297 2939 1465 3020 terribiliter

288 3037 339 3112 est
363 3041 399 3112 in
423 3038 652 3132 Euangelicor
675 3041 864 3128 saevitum,
887 3041 972 3114 adeo
995 3061 1033 3114 ut
1052 3041 1227 3119 Valliacae
1243 3043 1344 3120 endis
1360 3053 1462 3112 mento·

285 3137 373 3205 riam
399 3133 578 3207 videretur
600 3139 767 3210 abolitura
791 3137 878 3213 haec
901 3139 1032 3212 caeder.

192 3283 196 3294 .
335 3226 366 3320 l.
393 3231 632 3301 ccccxvll.
667 3233 866 3316 condiens,
900 3234 989 3308 bello
1020 3232 1084 3305 hac
1110 3232 1245 3306 ratione
1272 3219 1458 3314 unumst!

284 3322 424 3400 confilia
448 3325 591 3415 publico
616 3324 765 3417 exponit
783 3325 930 3422 scripto,
953 3347 992 3400 et
1008 3327 1187 3418 defendit,
1213 3325 1411 3428 Euangelicot
1425 3333 1452 3410 e:

281 3416 367 3494 tium
392 3417 530 3514 scriptia
557 3419 703 3508 litteris,
737 3437 772 3492 et
797 3425 901 3498 miffis
925 3423 1077 3513 nunciis,
1110 3449 1173 3522 per
1197 3446 1309 3502 totum
1330 3411 1451 3494 eoncitat

278 3515 465 3610 Regnum,
489 3529 526 3586 ut
552 3511 636 3604 libi,
662 3535 697 3586 et
722 3519 843 3590 causae
869 3519 1115 3612 Euangelicae,
1149 3545 1268 3598 manus
1292 3517 1451 3624 praebeant,

277 3611 468 3708 capiuntur
500 3613 637 3710 ilique,
668 3611 742 3711 ejllt
765 3613 827 3692 sub
852 3614 1023 3712 auspicii,
1047 3616 1277 3695 nobllilllmae
1309 3617 1396 3777 urbii
1415 3603 1452 3710 ‚²¹3

376 3754 390 3772 -
1252 3715 1360 3803 auur
1397 3719 1454 3784 0⁵»
