3000 4800
129 658 200 749 238
516 638 665 741 Historia
687 640 956 745 Ertlrfi'clrrist.

137 845 301 903 nuscum
327 817 426 896 sotiis
449 817 633 893 excellrrit
654 821 759 911 orbe,
783 821 821 898 in
845 820 986 918 primia,
1022 820 1116 917 qnod
1141 814 1179 897 δ’.
1203 812 1362 899 coenam

137 923 316 997 renuerint
350 912 597 991 administrare.
650 918 815 992 Calvinus
854 920 973 1013 iraque
992 940 1078 1085 ¹lper
1104 918 1288 1013 Tigurnnl
1313 936 1362 995 ιιι

140 1016 300 1092 Basileam
331 1015 432 1088 venit
458 1014 749 1107 Argentoratum,
798 1016 854 1088 ubi
888 1010 992 1087 Profe
1020 1014 1091 1087 orit
1128 1008 1362 1113 Tocologlrl

137 1134 265 1190 monus
287 1131 368 1184 aree
393 1110 441 1196 it,
475 1129 512 1181 et
537 1108 726 1183 Eccleliam
749 1105 959 1185 Gallicanam
993 1106 1171 1203 plantavit.
1217 1102 1362 1189 orori

140 1206 310 1284 effectum
333 1131 404 1289 eli,
430 1222 468 1277 nt
493 1201 590 1300 panio
613 1202 810 1313 commonit
832 1205 942 1313 luerit
965 1202 1238 1281 Genevroeoo
1334 1224 1337 1229 ·

141 1325 267 1401 azymo
292 1316 539 1389 commutatur,
565 1298 810 1407 iplo'Calvrno
832 1322 899 1397 per
915 1300 1048 1373 litterar
1072 1320 1244 1375 monente
1347 1320 1361 1395 l

145 1423 189 1475 ne
213 1399 258 1471 ob
289 1420 362 1470 rem
394 1406 474 1468 tom·
494 1415 591 1486 parvi
626 1396 798 1469 momenti
838 1397 1017 1469 turbarent
1041 1394 1228 1475 neelefio.
1276 1394 1361 1499 Qu!

143 1492 276 1569 ratione
300 1491 401 1588 paolo
422 1512 562 1585 azymos
585 1490 635 1564 ibi
659 1492 839 1580 obtinuit,
865 1489 922 1565 cui
946 1490 1127 1583 Calvinus,
1151 1490 1361 1589 polleo*

143 1590 299 1673 stitutus,
325 1608 362 1659 ot
385 1588 464 1681 paci
487 1584 623 1673 litaret,
647 1606 718 1659 non
740 1586 985 1685 repugnavit·
1069 1602 1074 1615 ·
1126 1610 1142 1641 ··
1212 1636 1215 1641 -
1315 1606 1361 1651 ιιι

192 1684 225 1784 l.
248 1682 482 1757 ccxxxvi.
526 1681 747 1775 Argeororari
780 1684 935 1757 versatos
966 1696 1116 1777 operam
1146 1678 1255 1761 -l'rram
1285 1696 1361 1769 noll

143 1782 336 1876 denegavit
359 1775 532 1851 Ecclesiae
557 1776 775 1868 Geoevenli‚
803 1778 861 1852 cui
884 1782 1028 1853 multum
1053 1776 1204 1875 profuit,
1227 1778 1361 1878 Μ

144 1875 296 1954 Sadoleti
320 1870 489 1967 Episcopi
512 1871 827 1981 carpentoratensis
857 1874 1074 1963 conamina,¹
1094 1874 1151 1947 arl³
1169 1866 1361 1955 ncclellin

144 1967 390 2049 Geneveosem
422 1966 459 2040 io
480 1984 651 2063 gremium
675 1966 846 2043 Eccleline
871 1969 1067 2043 Catholicae
1098 1968 1360 2051 reducenda·

144 2063 318 2145 reddendo
342 2060 458 2159 irrita,
492 2060 786 2161 Geoeveolesque
807 2063 850 2137 ad
867 2084 986 2159 pacem
1003 2084 1041 2137 et
1057 2066 1282 2143 concordiam

145 2162 339 2251 hortando,
370 2157 521 2257 denique
543 2158 857 2234 commentationi
881 2156 992 2253 Epist.
1015 2162 1058 2233 nd
1084 2160 1360 2257 Romanunm

146 2262 192 2338 de
214 2278 325 2332 coena
349 2252 521 2344 Domini,
544 2252 739 2345 illustrando
760 2274 798 2330 et
813 2254 992 2330 firmando.
1042 2257 1080 2335 ln
1098 2256 1256 2351 moluit
1271 2254 1360 2357 operi

147 2383 187 2435 re
213 2356 317 2447 usque
342 2352 384 2425 ad
407 2375 439 2426 a.
467 2372 594 2441 1541„
620 2351 756 2446 quando
773 2349 815 2424 ad
838 2351 912 2423 e'us
929 2351 1277 2429 reditum-Genevam
1301 2352 1360 2433 vi!

148 2452 220 2529 luit
242 2446 355 2520 strata.
404 2444 602 2550 Praecipuis
626 2445 719 2517 enim
743 2376 961 2534 adveniunt,
994 2448 1209 2538 publicorum
1235 2450 1360 2527 erimi-

147 2568 231 2621 num
258 2539 343 2627 reir,
381 2537 543 2609 emedio
567 2538 722 2628 sublatis,
762 2541 935 2635 repetitus
958 2542 1008 2615 est
1035 2570 1054 2618 a
1078 2543 1360 2639 Geneveusrom.

147 2628 528 2810 ιιιιιιι
555 2630 813 2804 iloni
832 2655 886 2804 ι
905 2660 1040 2806 ιιι
1057 2639 1215 2810 ιι

146 2827 262 2915 fallo,
291 2782 451 2906 ’animum
476 2750 564 2896 mori
583 2752 635 2897 nril
649 2753 903 2926 Presbyteiium
939 2759 1167 2922 erigendump,
1204 2791 1241 2903 et
1264 2736 1360 2909 ‹3AE-

147 2950 230 3003 nem
258 2917 481 2995 Ecclesrarum
513 2918 771 3012 stabiliendum,
805 2921 988 3018 adplicuit,
1031 2946 1153 3019 optato
1184 2927 1360 3019 luccess'o,

4 3049 7 3054 ·
129 3022 279 3117 ¹quippe
302 3035 445 3089 munere
469 3015 528 3089 luo
550 3014 629 3088 alins
652 3013 750 3112 fungi
774 3038 933 3092 renuens.
985 3021 1221 3095 Contionavit
1246 3026 1359 3099 etiam

151 3108 406 3206 catechismum,
431 3107 539 3204 priori
560 3111 700 3207 quidem
726 3134 793 3186 con
821 3135 939 3202 ruum,
964 3114 1021 3186 sed
1048 3117 1289 3209 prolixiorem,
1317 3136 1359 3194 el

150 3214 188 3288 in
206 3206 420 3306 quaestiones
434 3229 475 3279 ac
497 3204 730 3300 responsiones
752 3135 972 3298 difiintlum,
1000 3212 1132 3285 Gallice
1154 3233 1190 3285 et
1207 3214 1359 3291 Latine:

147 3307 268 3405 quiin
294 3300 403 3375 varias
430 3300 511 3375 dein
543 3303 677 3397 linguas
711 3304 907 3392 transsatus,
951 3326 987 3377 et
1011 3328 1029 3376 a
1055 3307 1172 3381 multis
1200 3306 1359 3385 Eccleliir

149 3405 332 3493 adoptator
356 3395 416 3472 est.
463 3397 651 3472 Laboravit
675 3421 761 3474 vero
792 3401 827 3474 in
853 3423 958 3497 opere
983 3402 1147 3491 Domini,
1178 3428 1196 3476 a
1223 3403 1359 3481 Farello

150 3521 186 3575 et
212 3497 340 3573 Vireto
363 3492 464 3567 sociis
488 3494 560 3590 ejus
593 3494 747 3589 adjutus,
771 3494 926 3584 strenue,
951 3518 987 3570 et
1013 3520 1092 3594 prae
1115 3499 1255 3596 reliquis
1277 3522 1359 3577 om·

151 3598 262 3673 nibus.
310 3589 454 3663 Alternis
478 3591 722 3664 hebdomadibus
750 3596 828 3666 loris
852 3599 1120 3681 concionabatur,
1144 3600 1249 3670 verba
1278 3598 1359 3673 sunt

147 3696 260 3767 Ranae
297 3688 331 3755 in
360 3690 429 3759 vira
457 3688 602 3772 Canini,
641 3689 747 3759 triduo
791 3710 862 3763 nero
891 3692 1044 3777 docebar,
1084 3688 1217 3783 ingrtiis
1240 3694 1359 3771 diebus

149 3789 250 3884 Jonir
276 3783 473 3875 Presbyterir‘
496 3785 704 3873 cognitionem
728 3786 881 3877 regebat,
914 3788 1024 3860 diebos
1052 3787 1186 3859 Veneris
1211 3791 1245 3861 in
1269 3810 1358 3862 conr·

146 3886 236 3960 moni
270 3879 435 3953 collatione
450 3877 665 3969 scripturae,
704 3902 785 3973 qnae
811 3887 1016 3975 congregotio
1040 3899 1193 3971 noratur,
1220 3884 1358 3981 justam

145 4005 223 4082 pene
243 3978 399 4048 leniorem
423 3973 582 4059 lubebat,
623 3975 728 4044 varios
752 3977 850 4048 libror
873 3973 986 4061 sacros
1021 3983 1256 4054 commentariis
1277 3983 1357 4054 doc·

148 4087 173 4154 rr·
201 4076 275 4155 tnir
302 4068 508 4175 illustrarat,
540 4067 626 4148 inodo
648 4071 818 4167 religionis
839 4070 982 4170 lnssibnr
1005 4070 1233 4175 respondebas,-
1263 4077 1358 4153 nodo

1174 4170 1358 4272 neceffariir
