3000 4800
141 759 187 836 30
359 644 362 651 Ι
523 713 675 828 Historia
697 721 825 826 Eccsrs.
851 721 973 825 Christ.

138 937 183 991 na
208 907 398 988 didicisset.
451 903 567 1004 Quam
591 904 797 982 calumniam
822 906 889 980 late
921 903 1052 982 refutat
1077 904 1368 1014 Seclrendordatg

137 1035 184 1087 ex
210 1032 255 1083 eo
278 1006 484 1103 praecipue,
511 1005 607 1098 quod
629 1025 711 1078 ante
737 1005 807 1078 lroc
823 1022 962 1097 tempus
986 999 1142 1097 missam,
1168 1032 1235 1106 qua
1258 1013 1365 1096 sacri,-

138 1107 276 1191 licium,
304 1102 371 1198 iam
389 1097 608 1174 refutaverit.
656 1100 811 1196 Singulis
828 1099 1052 1190 Dominicis,
1079 1120 1118 1175 ut
1131 1105 1268 1183 laboret
1283 1110 1365 1206 eiua

135 1222 173 1278 et
197 1199 324 1295 scripta
348 1193 568 1286 recenseam,
590 1194 627 1268 in
649 1216 729 1269 arce
753 1191 804 1267 est
828 1194 1080 1287 concionatur,
1118 1222 1236 1279 coram
1258 1206 1366 1291 Praeq

136 1295 234 1374 sesto
257 1294 365 1383 arcia,
391 1311 429 1366 et
455 1291 532 1366 aliia
555 1293 683 1366 multia.
735 1291 861 1365 Varias
891 1290 1024 1389 scripsit
1053 1294 1181 1370 iubae
1207 1300 1365 1397 captivi·

138 1413 214 1469 tate
239 1389 433 1487 Epistolaa,
465 1388 575 1463 libror
599 1387 729 1461 varior:
757 1386 908 1485 profecit
932 1407 968 1461 et
993 1387 1069 1485 ipse
1092 1389 1151 1464 bic
1172 1392 1208 1467 in
1232 1398 1366 1475 errori·

133 1492 198 1567 bur
218 1485 449 1579 detegendis,
481 1506 518 1557 et
539 1483 732 1559 dotirinam
765 1483 857 1557 suam
882 1483 1118 1563 confirmavit.
1165 1490 1366 1568 Conseliio·

136 1609 219 1663 nem
236 1583 429 1679 privatam,
455 1581 588 1677 qualem
611 1600 756 1677 urgent,
782 1599 820 1652 et
834 1600 1024 1672 exercent,
1042 1580 1238 1677 Pontificii,
1264 1589 1364 1669 refu·

135 1680 246 1770 tavit,
278 1700 439 1774 tanquam
467 1677 648 1773 Scriptura
673 1679 708 1750 S.
733 1695 804 1748 non
827 1676 1143 1771 comprehensam,
1171 1683 1361 1763 couscieu.

133 1777 261 1852 tiarum
297 1772 557 1861 carnificinam,
590 1792 628 1845 et
656 1787 879 1869 peccatorum
905 1771 1124 1866 adferentem
1152 1774 1358 1876 licentiam,

129 1894 214 1947 cum
240 1869 404 1981 populum
428 1890 516 1942 vana
538 1865 697 1941 inbueret
727 1865 919 2034 opinione,
941 1866 1093 1947 crimina
1113 1893 1178 1968 per
1199 1895 1297 1969 mm,
1320 1899 1361 1958 et

133 1965 381 2043 sitiasablnonea
411 1987 431 2038 a
454 1962 634 2037 sacerdote
658 1962 745 2060 inpo
760 1981 843 2054 rtaa,
883 1961 1042 2060 expiari,
1067 1964 1157 2043 licet
1176 1968 1298 2048 millies
1319 1996 1361 2056 ot

132 2065 248 2163 palam
271 2077 524 2157 repeterentur.
575 2059 658 2134 Nec
681 2080 798 2134 tamen
830 2082 971 2135 omnem
1002 2061 1252 2161 conseliionem
1281 2073 1358 2167 pri.

132 2179 272 2250 vatam,
294 2178 361 2231 nec
377 2152 599 2230 absolutionis
616 2156 821 2243 utilitatem,
847 2155 1011 2252 negavit,
1029 2156 1249 2253 existimans,
1266 2187 1357 2244 con.

130 2255 313 2333 seliionem
336 2248 406 2326 effe
422 2253 464 2326 ad
483 2251 760 2342 submissionem,
786 2269 823 2324 et
845 2250 1177 2344 mortificationem,
1209 2258 1355 2356 utilem,

130 2353 268 2428 adferre
328 2371 444 2444 unque
483 2348 733 2423 absolutionem
766 2345 1033 2424 Ecclefiastimm
1067 2349 1197 2446 aliquid
1238 2355 1354 2438 sosatii

130 2451 174 2522 vi
195 2374 347 2544 promisit
371 2441 520 2528 Christi,
558 2461 595 2514 et
629 2442 804 2533 potestatis
834 2444 1004 2533 clavium3
1042 2443 1099 2519 sed
1120 2443 1359 2532 confeffionea

132 2543 249 2615 uoluit
272 2538 342 2613 elie
365 2538 588 2635 spontaneas,
614 2557 699 2629 nec,
734 2554 772 2609 ut
796 2537 914 2612 omnia
937 2538 1161 2635 proferantur
1182 2565 1361 2646 peccata,

129 2636 270 2714 necesse
293 2632 381 2723 else,
406 2654 486 2706 cum
511 2630 689 2734 memoria
702 2629 856 2706 hominia
878 2633 913 2708 id
938 2657 1007 2707 non
1030 2636 1133 2714 serat.

176 2735 207 2834 ς.
235 2730 373 2804 XXVI.
415 2727 680 2824 Augustinianoa
711 2727 1023 2827 Wittebergensea'
1056 2755 1137 2806 cum
1169 2735 1353 2820 andiviffet

132 2825 312 2924 abrogasse
343 2822 456 2897 missua
485 2823 666 2911 solitarias,
712 2822 859 2918 illudque
883 2848 902 2898 a
927 2826 1072 2921 Synodo
1104 2829 1243 2906 Ordinis
1267 2859 1352 2931 pto.

130 2926 271 3002 vinciali
297 2919 366 2994 else
390 2919 636 3014 adprobatum,
662 2918 758 3015 ipse,
785 2935 946 3017 tanquam
972 2925 1062 2997 bene
1086 2923 1236 3020 fabium,
1262 2932 1356 3013 licet-

131 3024 168 3098 se
194 3020 323 3107 inicio,
358 3015 527 3103 laudavit,
562 3016 755 3108 librumque
778 3014 823 3086 de
845 3020 1031 3111 abroganda
1059 3016 1156 3116 rufio.
1173 3030 1350 3121 exaravim

131 3118 171 3195 in
196 3139 285 3217 quo,
318 3113 473 3186 Clericus
497 3110 566 3185 eise
591 3113 665 3204 iure
689 3108 813 3183 divino
837 3113 923 3185 solor
958 3115 1169 3206 sacerdotes,
1209 3143 1352 3221 quoque

106 3233 257 3306 ‘negem
299 3232 378 3282 cum
405 3206 520 3281 Laicis
543 3205 608 3280 iste
632 3207 752 3280 titulus
781 3227 890 3304 aeque
914 3229 1115 3304 competat,
1158 3206 1275 3315 ill'qne
1298 3219 1351 3295 sa.

129 3307 266 3384 crificia
290 3303 495 3399 spiritualia,
522 3324 726 3399 quaenunc
750 3299 816 3374 sola
840 3303 1020 3390 obtinent,
1048 3306 1203 3400 offerre„
1232 3311 1355 3410 ipsum.

129 3405 237 3480 otiam
273 3402 422 3488 ⁸verbum
456 3399 526 3472 Dei
560 3398 767 3474 adnunciare
799 3398 944 3496 poffint,
987 3400 1070 3473 licet
1100 3405 1234 3483 ordinis
1260 3432 1354 3510 ergo

131 3499 220 3587 certi
242 3495 309 3571 viri
334 3494 428 3568 reste
460 3493 713 3569 constituantur
743 3492 784 3566 ad
816 3494 916 3567 verbi
948 3495 1267 3596 praedicationem,
1308 3526 1353 3599 eu

130 3600 427 3674 sacramentorum
459 3590 805 3666 administrationem.
853 3589 1052 3680 Praeterea,
1093 3619 1180 3681 oum
1198 3602 1354 3680 hutho„

131 3697 283 3781 samaeus
304 3687 510 3775 Bernhardi,
543 3692 675 3778 primus
706 3684 921 3759 sacerdotum
945 3685 983 3761 in
1015 3690 1161 3765 saxonia
1199 3720 1350 3779 amorem

131 3783 302 3870 cluniset,
329 3781 478 3877 illudque
503 3780 782 3871 Melanchtonia,
810 3781 1047 3880 aliorumque,
1068 3788 1204 3864 calculo
1225 3793 1351 3875 soiffat

130 3882 379 3982 adprobatum,
421 3878 593 3951 consensit
622 3898 759 3975 quoque
783 3873 819 3951 in
843 3877 1058 3955 Clericomm
1089 3884 1256 3983 conjugia
1274 3893 1351 3970 Lu.

130 3983 268 4062 therua,
293 3973 417 4068 absque
442 3992 481 4046 ut
508 3973 787 4060 Monachorum,
811 3992 952 4070 propter
975 3996 1058 4050 vota
1082 3977 1192 4071 faeta,
1215 3983 1348 4066 admit.

132 4074 264 4156 uerein
288 4071 393 4145 initio
417 4070 595 4167 potuerit,
620 4069 680 4143 sed
694 4067 809 4165 postea
826 4069 975 4146 rectiora
992 4073 1156 4164 edusius,
1183 4079 1261 4155 talia
1278 4107 1345 4159 vo-

130 4190 168 4266 ta
191 4191 268 4254 noo
283 4163 544 4264 eonlitingere,
568 4185 607 4243 et
629 4165 823 4243 Munaelrir
844 4162 955 4258 licere
975 4166 1346 4349 conjugium..me

126 4294 137 4317 ³
1263 4297 1344 4377 ere,
