3098 4436
507 281 510 288 Δ
553 249 657 328 Setul.
684 247 786 329 XVI.
834 271 863 326 ··r
1197 269 1271 350 325

70 449 138 504 nem
167 427 252 502 inter
279 423 446 523 populum
471 427 573 504 valde
603 427 808 523 promovit,
839 421 1022 504 occasione
1052 422 1180 515 libelli,
1196 425 1269 500 ‘eui

71 525 184 598 titulus
203 523 326 598 libellus
349 519 492 618 supplex
524 542 720 618 pauperum,
752 544 824 620 quo
858 521 894 594 hi
915 519 1087 596 ssslluutur
1114 521 1270 618 querelae

70 617 292 708 effundentes,
323 625 417 714 quod
440 627 566 715 partim
592 640 655 711 per
681 617 902 704 Monachus,
920 618 979 711 qui
1007 618 1265 712 eleemosynas,

68 711 122 786 fibi
150 715 300 804 debitas,
335 737 354 786 a
384 716 515 810 populo
548 733 585 786 et
617 713 783 788 divitibus
813 710 1003 806 colligunt,
1035 731 1071 786 et
1097 709 1269 788 luxuriose

70 809 194 900 uiuunt,
215 809 400 904 priventur
424 807 621 897 necessariis
649 811 744 884 vitae
769 806 935 893 subsidiis,
963 805 1083 900 partim
1108 829 1169 901 per
1184 810 1270 902 doc·

71 903 175 977 trinam
204 907 248 978 de
279 905 483 1000 purgatorio
514 905 549 978 in
587 908 716 978 sortem
746 901 901 998 conjetti
926 899 991 976 sint
1018 901 1268 994 miserabilem,

70 999 136 1092 quia
162 1003 305 1094 pecunia
337 1019 476 1088 carent,
509 1020 574 1098 qut
597 1022 618 1071 e
645 1005 850 1096 purgatorio
874 999 1011 1092 pollent
1035 997 1140 1096 eripi.
1193 999 1267 1092 Qui

68 1095 182 1168 libellus
213 1093 320 1170 avide
354 1093 422 1170 fuit
454 1095 582 1182 iedlus,
616 1095 721 1168 etiam
760 1097 803 1170 ab
836 1091 911 1186 ipso
936 1095 1118 1182 Henrico,
1144 1096 1199 1170 cui
1224 1097 1267 1170 ab

68 1191 153 1264 Anna
175 1187 240 1265 luit
267 1191 423 1280 oblatus,
449 1209 486 1264 et
499 1190 772 1266 commendatus.
823 1187 1011 1264 Refutavit
1027 1189 1165 1285 quidem
1184 1211 1268 1264 eum

68 1285 206 1360 Thomas
231 1287 373 1372 Morus,
397 1285 510 1382 libello
527 1283 645 1374 edito,
670 1285 729 1360 sub
753 1281 873 1371 titulO,
899 1285 1027 1358 libellus
1035 1285 1176 1382 supplex
1195 1288 1270 1358 uni·

69 1403 169 1454 nurum
204 1385 238 1455 in
259 1387 469 1478 purgatorio,
502 1381 540 1456 in
566 1379 761 1477 purgatorii
784 1380 1039 1476 patrocinium,
1071 1381 1128 1456 sed
1152 1399 1188 1454 et
1212 1403 1270 1454 re·

68 1476 192 1568 spondit
234 1479 415 1576 Johannes
444 1475 567 1566 Frith,
607 1495 642 1550 et
675 1479 914 1572 purgatorium
946 1474 1051 1550 solide
1081 1475 1264 1556 refutavit.

69 1571 138 1644 l'uit
161 1595 246 1646 vero
268 1573 413 1646 Frithus
435 1571 491 1646 vir
522 1569 742 1661 eruditione,
773 1572 926 1667 pietate,
950 1591 1008 1661 et,
1034 1571 1126 1668 quod
1150 1572 1268 1650 notari

69 1687 227 1760 meretur,
244 1665 488 1743 moderatione
505 1667 746 1762 Theologica,
763 1666 936 1768 ,celebria
960 1665 1078 1763 postea
1100 1669 1148 1740 ob
1162 1689 1270 1764 nega·

72 1781 132 1834 turn
163 1761 418 1861 purgatorium,
458 1779 493 1834 et
525 1759 935 1848 transubstantiationem,
968 1762 1137 1858 martyrio
1168 1783 1272 1838 coro·

73 1877 156 1932 natus
183 1883 213 1935 a.
243 1877 352 1954 1533.
384 1859 444 1932 De
478 1878 549 1952 quo
575 1857 644 1952 legi
667 1873 822 1928 meretur
846 1855 927 1949 Joh.
952 1855 1088 1945 Fox‘us,
1113 1856 1267 1952 Augias,

75 1951 104 2028 in
125 1979 222 2030 rernm
245 1960 279 2028 in
306 1951 456 2045 Eccleſsu
477 1949 643 2046 gesturum
668 1952 912 2040 commentario,
936 1948 978 2022 ad
1002 1971 1032 2024 a.
1055 1971 1183 2046 1533„
1205 1953 1273 2048 ‘qui

73 2047 325 2126 moderationem
356 2052 429 2146 ejus
459 2048 560 2121 valde
590 2046 724 2136 laudat,
758 2045 855 2120 limul
881 2049 1032 2122 uirtutem
1064 2047 1154 2120 illam
1180 2047 1272 2124 dicit

77 2161 182 2218 tuntum
206 2151 239 2222 in
266 2145 414 2240 Eccleſso
444 2141 562 2234 curtlia·
577 2141 708 2238 semper
731 2141 886 2240 ualuffl,
910 2139 1028 2235 utſsns
1044 2141 1104 2218 stuc
1121 2159 1269 2223 caeterae

75 2241 146 2314 dutus
179 2246 392 2432 cpgnitionis,
422 2243 629 2334 quantumuis
662 2263 822 2332 mugnus,
854 2239 940 2312 hund
963 2244 1013 2312 ita
1036 2240 1170 2312 multum
1192 2258 1287 2334 pru·¹

213 2361 246 2416 sn

70 2333 146 2426 int,
165 2341 199 2411 ol

77 2429 125 2519 stt,
142 2433 228 2529 ipse,
260 2435 350 2530 apud
368 2435 524 2518 Foxum,
551 2430 655 2504 tradit
675 2427 796 2519 suiffe,
822 2431 902 2524 qnod
922 2429 1086 2525 Titulugis
1100 2447 1132 2503 et
1149 2433 1270 2506 Eccle-

77 2523 130 2616 suu
155 2529 339 2606 Proceribus
372 2534 406 2601 in
429 2549 464 2599 eu
494 2523 668 2621 consentire
704 2549 765 2598 nun
787 2527 948 2620 potuerit,
976 2523 1181 2619 statuendum
1204 2525 1268 2624 effe

76 2640 120 2714 pru
132 2621 207 2718 fidei
230 2625 369 2702 articulo
388 2619 577 2720 ntcsffuriu,
601 2639 637 2694 ut
648 2619 715 2717 sub
738 2623 1008 2696 condemnationis
1030 2624 1172 2713 periculo
1196 2648 1269 2698 crte

79 2719 189 2806 danus,
211 2717 436 2820 substantium
462 2719 560 2812 punis
589 2735 621 2790 et
644 2720 712 2790 uini
734 2722 769 2796 in
794 2735 906 2812 corpus
930 2731 961 2787 et
978 2715 1175 2810 sanguinem
1189 2717 1269 2816 ser·

42 2859 44 2866 ,
80 2819 183 2891 suturis
219 2817 318 2917 nostri
358 2811 445 2913 Jesu
485 2810 603 2911 clriflt
626 2813 834 2902 commutari,
863 2811 987 2906 formis
1018 2815 1180 2888 duntaxat
1204 2838 1267 2896 nun

80 2917 274 2990 conmutatis.

114 3001 141 3113 l.
163 3007 403 3085 cccxxvn.
435 3007 567 3080 Manus
599 2997 842 3076 reformationi
876 3001 947 3076 hoe
979 3019 1139 3098 tempore
1164 3028 1268 3102 prae.

79 3095 143 3172 burt
177 3103 277 3180 Anna
306 3101 466 3199 Regina,
498 3120 584 3197 quae
614 3097 850 3173 Schaxtonem
883 3117 921 3169 et
947 3095 1158 3173 Latimerum
1187 3103 1267 3180 suos

81 3189 146 3268 lecit
165 3197 466 3298 eleemosynarios,
491 3197 616 3296 eosque
639 3191 756 3286 postea
780 3191 917 3268 cutavit
942 3192 1053 3266 creari
1070 3195 1267 3294 Episcopus

84 3287 334 3372 Sdisbutiensem
365 3313 404 3367 et
426 3285 792 3383 ,Worclrestriensem2
826 3287 883 3363 sed
917 3287 948 3362 ei
979 3289 1135 3384 inprimis
1167 3293 1268 3374 ineu·¹

84 3382 211 3464 buerunt
232 3394 436 3468 Cranmerus
461 3407 498 3460 et
523 3385 764 3474 Cromwellus,
790 3383 847 3460 ille
865 3383 1159 3482 Archiepiscopus
1177 3391 1268 3466 Can.

86 3483 259 3579 marienfis,
281 3503 320 3562 et
344 3484 402 3560 hic
428 3481 510 3558 vice
535 3503 573 3555 rt
602 3482 629 3552 's
650 3477 687 3554 in
710 3483 811 3572 rebus
835 3478 1100 3570 Ecclesiastieiu,
1136 3483 1194 3556 ille
1217 3490 1269 3560 la·

87 3569 237 3672 bonosus,
260 3599 297 3658 et
324 3580 543 3676 moderatus,
596 3576 667 3650 mul
693 3577 870 3664 eruditus,
895 3575 952 3650 sed
976 3577 1072 3672 cujus
1092 3575 1268 3668 singularis

93 3663 147 3744 luit
166 3673 300 3776 opinio,
336 3694 449 3756 totam
478 3675 660 3844 metrop}
672 3670 903 3768 direiliouem
917 3689 1134 3780 ,competere
1148 3673 1268 3776 Regi..

249 2358 262 2416 t
286 2345 385 2413 etium
408 2359 639 2430 nunnunquam.
687 2335 827 2408 Causam
846 2357 955 2414 vero,
980 2358 1085 2429 quare
1109 2355 1268 2414 mortuus
1357 2425 1361 2432 ,
