3148 4434
443 151 468 228 .‘
522 159 550 175 ’“
569 157 675 236 Setini.
700 157 817 244 XVL·
865 187 875 198 ·
1207 167 1293 284 ‘43⁸7

55 319 161 410 matii>
191 317 291 409 ha'ud
322 323 448 430 titium
481 335 607 426 debet,
642 337 696 410 sed
728 337 765 412 in
796 335 1037 412 dissentientes
1063 333 1157 432 justo
1188 359 1288 412 acer·

55 431 154 518 bior,
186 452 224 505 et
262 429 432 525 rigidior,
473 433 627 508 maxime
662 433 699 506 iu
741 431 934 528 posteriore
975 434 1069 506 vitae
1115 433 1282 528 periodo,

56 547 183 622 qutppe
219 525 258 599 in
294 525 476 622 principio
509 549 529 599 a
564 527 682 624 rigore
706 529 743 602 in
770 525 1038 622 quaestionibus,
1072 526 1162 600 inter
1185 529 1283 602 adle-

51 627 121 694 clai
148 619 276 706 mouit,
308 625 422 715 longa·
441 623 673 708 moderatior,
699 643 736 695 ut
761 646 805 694 ex
830 619 926 694 dietis
952 643 1059 718 patet.
1108 623 1281 698 Narratur

50 737 212 812 quoque,
245 716 498 791 Volckatdum.
518 719 745 804 Manraloon,
771 719 885 791 virum
917 721 1116 808 cordatum,
1144 739 1181 790 et
1197 705 1280 814 proff-

54 813 118 884 bae
144 815 237 884 vitae
266 813 365 884 inter
390 811 621 886 Menoonitat
646 812 789 898 Frisios,
824 833 957 908 patrem
984 813 1174 888 Voltkardi
1200 815 1280 888 Ve-

51 906 109 996 lii,
142 906 278 981 autoris
307 908 475 980 chronici
502 909 685 995 Hotnani,
719 907 879 1016 testatum
906 903 1000 997 effe,
1029 909 1275 1000 Memnonem,

51 1004 153 1074 morti
190 1004 414 1096 proximum,
449 1001 537 1074 hoc*
559 1003 793 1089 praesentibus
826 999 958 1074 dedille
998 1003 1188 1086 monitum,
1229 1027 1277 1080 ne

50 1096 145 1190 fiatis
157 1096 255 1192 serui
270 1097 451 1180 hominurn.¹
472 1096 559 1188 fiant
577 1123 635 1192 ego
644 1096 715 1192 sui.
769 1095 928 1172 Ptostant
943 1099 1017 1192 ejus
1032 1096 1159 1189 scripta
1173 1098 1277 1192 junc-

55 1211 110 1262 tim
142 1195 242 1265 edita
266 1195 414 1284 tuatgtce
440 1215 474 1264 in
507 1195 609 1274 Fol...
636 1214 692 1282 et,
727 1215 866 1290 praeter
898 1193 1021 1266 librum
1044 1191 1273 1296 fundamenti,

53 1289 238 1360 continent
273 1287 435 1382 solatiam
466 1293 500 1360 in
534 1285 733 1384 allidunt,
767 1289 808 1362 ad
836 1288 886 1361 Ps.
911 1287 1055 1374 XXV.,
1089 1287 1289 1376 inllrol‘liop¹

55 1403 119 1452 mm
137 1385 180 1455 dt
203 1386 340 1475 banno,
366 1386 404 1454 dt
428 1385 602 1478 baptisma,
627 1387 807 1480 apologiam
833 1401 945 1458 contro
970 1386 1082 1459 varias
1112 1385 1275 1476 colomniq

56 1501 107 1564 at,
132 1501 200 1554 etc.

98 1571 130 1668 ᾗ.
155 1575 491 1650 CCCCXXXVIII.
519 1574 671 1650 Genuini
696 1574 937 1649 Mennoniimi
957 1573 1098 1670 capita,
1122 1574 1272 1672 adquae

57 1687 178 1760 pergo,
205 1673 374 1743 omnibus
400 1669 864 1754 Mennouitia'commuoia,
899 1667 1083 1762 areliquit
1108 1669 1274 1742 Christia-

58 1762 153 1833 nismi
179 1763 283 1840 sellis
315 1765 470 1852 diversa,
501 1787 546 1838 ex
573 1765 667 1838 libris
691 1758 909 1848 Memnonia,
941 1779 978 1832 et
1003 1759 1272 1836 confeffionibua

63 1877 195 1950 eorum,
222 1860 398 1956 petenda,
424 1882 563 1955 quarum
588 1857 875 1954 antiquisfimrm,
900 1873 936 1928 et
952 1855 1112 1928 omnibus
1129 1856 1276 1929 Water·

59 1949 162 2024 lanoit
191 1974 259 2051 pto
299 1954 662 2042 formulaeonseniut
695 1953 862 2040 habitam,
895 1950 1011 2024 edidit
1043 1951 1093 2024 H.
1128 1951 1269 2048 Schyn,

59 2044 105 2116 ·V.
132 2047 178 2121 l).'
199 2047 366 2124 minister
391 2053 483 2124 inter
505 2075 566 2122 eos
591 2047 856 2136 Amstelodami,
884 2047 927 2140 ,in
961 2045 1095 2140 hillario
1129 2049 1271 2120 Manno·

62 2143 216 2237 tritarum,
242 2146 309 2243 qui
331 2145 445 2235 addit,
470 2145 616 2242 reliquas
631 2141 859 2218 confeffionea
875 2144 1163 2238 Vlamingorum,
1191 2143 1271 2218 Fri·

60 2233 202 2328 dtotum,
230 2263 273 2314 et
301 2240 571 2326 Germanorum,
597 2241 630 2313 ei
655 2241 690 2314 iu
717 2239 877 2311 omnibus
900 2241 1047 2312 articulis
1066 2239 1272 2314 fundamen·

65 2333 180 2408 tatibus
205 2335 424 2423 convenire,
452 2337 527 2410 sunt
553 2335 726 2432 sequentia
758 2357 787 2406 t.
807 2333 972 2416 Primam,
998 2353 1036 2404 ut
1060 2358 1078 2406 a
1099 2334 1272 2408 theoreti-

27 2485 32 2490 .
68 2445 106 2494 co
135 2431 251 2506 ordiar
293 2432 485 2522 dogmate,
523 2432 613 2504 circa
648 2431 906 2503 incarnationem
947 2427 1071 2502 Christi
1104 2431 1273 2506 uersatur·¹

68 2517 221 2616 Menno,
256 2523 284 2598 st
308 2526 380 2619 ejus
404 2524 529 2620 scripta
551 2525 788 2611 consulantur,
821 2526 1006 2597 veritatem
1031 2521 1205 2598 humanae
1229 2521 1269 2600 in

62 2612 199 2694 Christo
220 2639 365 2694 natutae
392 2619 486 2694 telle
511 2621 673 2715 agnovit,
699 2641 734 2692 et
756 2643 775 2693 a
795 2618 925 2690 Divina
944 2615 1123 2709 distinxit,
1150 2618 1268 2694 Chris·

70 2723 136 2783 tom
163 2739 209 2789 ex
237 2714 377 2790 Mariae
398 2735 545 2808 corpore
572 2715 683 2788 fotum
713 2735 749 2787 et
773 2733 887 2785 natum
911 2711 979 2786 elle
997 2715 1167 2805 credidi13
1193 2733 1271 2788 tan·

69 2817 134 2876 tom
160 2809 204 2882 de
229 2810 364 2902 origine
387 2814 499 2886 carnis
522 2811 614 2905 ejus,
643 2833 722 2882 num
746 2829 787 2880 ex
811 2807 914 2904 ipsius
941 2809 1076 2882 Mariae
1099 2833 1201 2886 carne
1226 2829 1271 2885 an
1319 2838 1322 2846 ·

65 2896 219 2990 aliunde,
246 2903 440 2991 dubitavit,
465 2926 524 2978 aut
557 2907 650 3000 prius
674 2901 840 2998 negavit,
867 2901 1036 2994 posterius
1066 2905 1268 3002 ignoravit,

69 2990 191 3070 scilicet
214 2997 391 3092 tandmfit?
425 2999 517 3072 forte
545 3025 563 3072 a
593 2999 723 3094 Spiritu
758 2999 823 3072 Dei
856 2997 1047 3072 inmediate
1080 3003 1117 3074 in
1148 2997 1267 3075 Maria

69 3101 235 3182 creatum,
261 3094 385 3170 statuit.
438 3095 541 3194 Quod
566 3097 732 3170 Hornana
758 3117 893 3188 quoque
909 3092 1060 3166 admittit
1075 3095 1266 3188 confessio,

71 3175 122 3252 sed
150 3191 240 3281 apud
267 3191 383 3286 Schyn
414 3189 615 3282 simpliciter
647 3191 793 3276 dicitur,
826 3187 943 3263 diliana
978 3189 1044 3260 Dei
1076 3196 1109 3263 in
1141 3209 1267 3286 corpore

72 3273 202 3355 Matina
231 3285 380 3379 Virginis
417 3308 563 3370 curnem,
595 3285 650 3374 sea
677 3288 847 3370 hominem,
881 3283 941 3378 ella
963 3284 1094 3380 folium
1118 3309 1176 3381 per
1209 3289 1268 3360 ad·

73 3374 241 3463 mirandam
269 3381 336 3453 Dei
356 3387 549 3472 nolentiam,
575 3397 606 3456 tt
629 3377 964 3474 incomprenenfibilam
983 3383 1169 3473 SpiritnsS
1196 3403 1270 3468 ope·

76 3473 241 3562 rationem,
267 3475 391 3574 rejeeia
426 3477 530 3550 etiam
566 3477 724 3570 expreffe
754 3476 944 3568 opinione,
969 3479 1007 3548 de
1035 3477 1146 3550 diuino
1168 3476 1271 3549 Verbi

80 3553 221 3668 illontia,
242 3587 301 3680 aul
323 3575 435 3674 altana
458 3576 531 3674 ejas
550 3588 675 3743 Wi‘m
691 3575 725 3646 in
743 3569 896 3674 mfililtm
915 3589 946 3650 tt
964 3576 1128 3650 mortalem
1141 3589 1275 3744 rcoart'lae?

640 3691 676 3746 ιι
701 3691 722 3767 3
1174 3691 1192 3741 ιι
1248 3690 1286 3760 ιι,
