3148 4434
566 207 670 301 irtel.
698 206 800 290 m.
1214 217 1287 310 395

64 379 312 466 reformationi
345 403 410 482 per
446 385 591 466 Galliam
623 385 864 487 propagandae
903 388 1055 468 contulit
1085 388 1284 468 Alexander

61 488 192 574 Quor,
224 482 476 576 Abrincensn,
518 483 597 582 qui,
631 484 754 561 relidio
784 483 1100 562 Dominicanorum
1125 487 1282 580 Ordine,

62 602 123 678 per
146 583 332 656 Genevam
355 581 455 655 venit
478 581 726 670 Caliilinnem,
757 582 916 656 Ducattrr
940 583 1203 663 borboniorum.
1223 604 1282 658 ur·

63 679 161 768 bem,
189 676 337 750 tandem
360 676 590 772 Lugdunum,
622 679 752 774 ubiqtre
774 675 948 772 intrepide
981 675 1281 778 spr'rgerrlucem

66 769 328 869 euangelicam
353 774 470 847 donec
495 773 619 848 ultimo
641 772 678 846 in
704 773 786 846 loco
811 769 918 846 fuerit
943 795 973 851 a.
1002 797 1109 874 1533.
1134 774 1283 850 flaminia

68 869 224 956 traditur,
250 886 354 943 tanta
377 889 457 942 cum
483 867 676 946 constantia
699 886 738 940 et
762 867 854 956 fide,
881 884 920 941 ut
940 871 1099 946 nonnulli
1126 869 1279 948 dixerint

65 963 260 1053 Menaeni,
292 959 330 1055 fi
357 967 409 1037 lrr'c
431 962 548 1060 saltur
577 989 636 1040 nm
670 961 767 1059 offer,
807 966 964 1038 neminem
995 967 1178 1043 mortalium
1199 963 1280 1061 forr

63 1056 193 1151 salvum.
246 1058 344 1134 Vid.
369 1058 460 1136 atta
477 1061 687 1158 Martyrum.
739 1059 855 1160 Quam
877 1061 1025 1136 eandem
1049 1065 1175 1138 sortem
1197 1081 1283 1138 runc

65 1152 349 1230 eriam-Tolosae
373 1151 479 1232 subiit
501 1156 679 1253 johannes
701 1156 876 1246 Caducur,
911 1154 1128 1238 Licentirtur
1154 1158 1284 1252 legum.

66 1249 147 1326 Vid.
172 1251 360 1324 Scultetus
381 1249 419 1326 in
442 1252 569 1328 Annal.

109 1344 141 1443 i.
165 1346 434 1421 CCCXCVIII.
467 1345 671 1422 Tolerabilir
694 1343 870 1446 hucusque
893 1347 961 1424 fuit
987 1347 1284 1448 Euangelieorum

64 1436 99 1513 in
128 1441 235 1516 Gallia
265 1439 449 1531 conditio,
488 1463 677 1540 eorumque
719 1442 837 1533 causa,
871 1444 963 1519 inter
1003 1444 1285 1520 Sorbonistrrum

64 1553 100 1608 et
134 1536 283 1611 Senatus
323 1539 624 1634 oppugnationes,
662 1536 743 1612 satit
783 1538 935 1614 feliciter
966 1541 1147 1636 procellit,
1179 1543 1287 1614 Fran·

67 1630 155 1706 ciico
177 1635 283 1728 Rege
299 1636 541 1721 connivente,
566 1656 610 1708 nc
632 1634 765 1708 cursum
783 1635 988 1730 Euangelii,
1013 1657 1077 1725 eo,
1102 1658 1172 1734 qno
1188 1638 1284 1726 dixi,

71 1729 170 1800 modo
195 1729 454 1824 permittente,
494 1727 570 1802 live
601 1729 674 1819 ipse
698 1727 940 1817 dubitaverit,
982 1753 1049 1802 nec
1082 1737 1128 1804 ab
1150 1733 1284 1826 aliquali

71 1821 317 1899 reformatione
353 1823 442 1898 adeo
466 1823 573 1898 fuerit
594 1825 745 1911 alienus,
778 1821 865 1896 licut
889 1845 934 1896 ex
953 1822 1106 1912 ardore,
1144 1847 1214 1916 quo
1245 1827 1284 1899 in

73 1917 238 1992 litterator
267 1919 469 2007 ferebatur,
502 1941 573 1993 non
599 1935 731 1994 rantum
761 1916 880 2012 colligi
908 1914 1003 2014 polle
1033 1915 1209 2007 videtur,
1225 1919 1284 1992 led

75 2013 257 2088 declaratio
285 2012 399 2088 Ducis
424 2014 696 2102 Aureliancnlis,
727 2012 790 2090 filii
813 2015 906 2110 ejus,
936 2014 1176 2087 inconvento
1201 2014 1286 2086 Prot

76 2107 266 2184 testantium
292 2109 568 2194 Franeoiurtensr
593 2132 624 2184 a.
653 2131 778 2205 1543„
801 2132 889 2205 quae
910 2109 1116 2183 recensetur
1130 2109 1171 2182 in
1185 2111 1282 2184 litte*

76 2205 131 2292 rit,
153 2225 190 2278 et
214 2203 412 2296 memoriis,
438 2206 483 2278 de
508 2206 643 2301 Vargar
664 2212 710 2278 de
734 2209 865 2280 mnrilio
895 2202 1100 2294 Tridentino,
1132 2204 1284 2297 indicat,

77 2299 142 2372 slve
164 2301 402 2376 Protelianter
423 2301 634 2391 Germanos,
665 2322 815 2396 quorum
836 2300 1026 2377 amicitiam
1047 2317 1172 2376 ‘contra
1195 2303 1284 2376 eret

78 2395 175 2468 sarem
199 2399 393 2486 ambiebat,
432 2394 618 2470 offendere
647 2395 817 2486 noluerit,
854 2415 892 2468 et
915 2395 1131 2472 oecaliouem
1157 2418 1287 2471 nervor

79 2489 246 2566 incidendi
273 2489 517 2580 reformationi
539 2489 800 2587 exspectaverit
829 2493 1073 2582 commodant,
1113 2493 1209 2567 salvo·
1228 2493 1285 2567 in-

78 2585 261 2661 clinationis
290 2589 369 2664 strae
395 2587 545 2674 adeam,
575 2605 618 2666 et
629 2586 670 2660 ad
687 2587 865 2683 Principer
878 2588 1108 2676 Germaniae,
1126 2605 1286 2684 praeter.

81 2698 124 2754 tu.
172 2684 306 2781 Utique
338 2704 418 2775 curn
448 2682 503 2756 illa
527 2683 604 2758 ansa
636 2679 701 2776 ipsa
732 2705 751 2756 a
776 2681 996 2758 Reformatir
1026 2681 1153 2758 Galliae
1174 2683 1284 2772 ellet,

81 2793 115 2864 nt
138 2782 303 2872 putabat,
326 2777 502 2874 praebita,
535 2779 663 2887 eosque
687 2777 852 2888 acerrime
875 2776 1044 2890 coepiliet
1060 2779 1288 2891 persequiae

81 2891 401 3044 littntttt
417 2870 1286 3077 initiiilllltttlillnlllellel:
1380 2989 1381 2996 ψ

84 3063 136 3152 qui
158 3083 344 3157 praetextu
370 3063 547 3158 religionis
572 3064 738 3160 Regnum
760 3067 968 3155 turbabant,
1002 3063 1096 3140 ficut
1116 3065 1208 3142 rtlibi
1235 3065 1291 3138 fa«

86 3156 218 3234 ciebant
240 3157 516 3254 Anpbaptistae..
537 3161 626 3238 imo
657 3161 726 3234 hoe
745 3157 820 3255 ipso
844 3175 1006 3257 tempore
1036 3181 1101 3258 per
1115 3161 1292 3262 ‘Belleia'

87 3247 665 3360 Ljangaeum„‚begatum,iu1lm¹in
683 3254 888 3347 Germano,
911 3265 947 3333 le
971 3257 1122 3334 nunonis
1135 3276 1171 3333 et
1188 3255 1291 3356 prro'u

88 3345 194 3446 cipuie
216 3351 482 3428 Melanchtonir
501 3347 894 3444 bnnnrfirnpnnauo·
907 3349 1128 3454 rdliorttre,
1145 3356 1295 3451 errore

92 3463 162 3514 eun
190 3445 224 3539 in
255 3448 421 3538 Galliam,
450 3464 505 3530 ut:
525 3465 681 3528 tumerem
712 3447 889 3537 conterret
914 3469 1048 3525 :vocare
1067 3447 1292 3526 'declararint

92 3537 675 3747 tutnrtttlllritn
710 3539 1297 3734 ltfiltulrlcutt

282 3734 291 3754 ⁸
365 3721 384 3758 ¹·
477 3713 488 3726 ⁸
636 3720 781 3810 Ddda
1230 3749 1293 3812 rea

101 3753 233 3830 'Lblj‘tr'p
