3098 4436
535 210 638 287 aean
664 212 765 292 xtra.
1181 221 1252 302 aas

43 405 94 465 rut
115 386 257 464 testibus
279 387 479 486 requirens,
514 411 551 466 et
575 391 615 464 ad
640 389 727 465 nihil
750 412 812 464 eor
834 389 1009 488 obligant:
1034 391 1068 464 S.
1095 411 1242 465 coenam

39 508 126 559 more
149 483 434 560 Reformatorum
459 487 713 562 administrabat
730 486 822 558 nullo
836 487 1170 558 communicantium
1189 485 1241 561 in·

38 581 148 654 iltruto
163 579 347 671 examine,
371 582 427 654 sed
446 583 579 674 singulis
596 582 736 656 reliclo:
760 577 972 677 disciplinam
991 581 1237 658 Geuevensenr

36 698 69 748 et
87 676 482 751 excommunicationem
508 701 578 752 non
600 676 755 761 admisit,
782 675 1005 768 Magistratui
1030 699 1236 774 competere
1323 757 1333 780 .

37 770 184 847 diilitaua
208 772 340 868 punire
358 770 596 862 facinorosos,
622 793 659 850 et
683 773 944 847 admonitiones
959 772 1154 870 relinquens
1170 774 1235 849 stn-

36 869 113 962 gulir
134 867 321 942 fratribus:
356 869 465 941 nullos
488 890 670 964 praeterea
695 869 848 966 leniores
869 885 927 938 aut
951 865 1114 942 diaconos
1139 872 1236 943 ordi·

38 963 137 1052 navit,
166 964 301 1036 nullum
328 960 473 1036 i'nllituit
492 965 753 1053 consistorium,
793 961 936 1035 aliorum
961 963 1159 1037 ministeriis
1192 963 1232 1040 in

35 1061 123 1132 tebur
153 1059 197 1133 ad
229 1057 420 1131 Eccleliam
452 1061 706 1154 pertinentibus
741 1061 829 1131 utus.
885 1057 1038 1132 Omnem
1079 1059 1234 1155 denique

36 1155 316 1248 qualemcunque,
350 1171 387 1226 et
413 1154 450 1226 in
475 1156 746 1252 qualescunque,
785 1154 890 1228 etiam
916 1151 1083 1246 Papillae,
1122 1153 1233 1227 detes·

31 1265 107 1322 tatus
119 1245 168 1320 est
181 1243 482 1346 persecutionem,
500 1251 618 1324 dicens
626 1249 827 1346 Judicibur‚
836 1247 872 1338 fi
876 1266 1005 1343 propter
1013 1249 1114 1344 fidem
1127 1247 1233 1343 persa·

33 1348 175 1438 quartini,
208 1367 264 1416 rer
281 1342 406 1438 restrae
425 1368 498 1420 cunr
519 1347 591 1419 Dru
614 1371 678 1419 nort
699 1341 878 1434 conssllrnr.
909 1341 1091 1440 singulare
1121 1366 1232 1440 porro

35 1441 91 1528 eil,
121 1439 215 1536 quod
242 1439 375 1513 iuuna
400 1441 591 1537 eademque
613 1441 701 1516 aede
731 1440 806 1533 ipse
839 1439 880 1513 ftt
913 1441 1160 1532 concionatur,
1199 1455 1239 1512 et

38 1534 144 1632 religio
166 1534 355 1610 Pontificia
378 1533 572 1630 aliquandiu
599 1535 700 1611 luerit
722 1535 897 1621 exercita,
920 1531 991 1607 stne
1016 1537 1086 1608 ullo
1107 1537 1234 1610 tumul·

36 1649 83 1718 ως
102 1628 195 1704 miffa
213 1631 312 1704 enirn
329 1635 493 1706 matutina
513 1633 609 1706 finita
624 1633 662 1704 in
685 1629 797 1705 choro
813 1629 973 1724 Templi,
997 1630 1070 1726 ipse
1084 1631 1237 1727 incepit,

38 1725 165 1800 Nullum
192 1725 321 1800 ltabuit
344 1745 405 1798 aut
439 1727 597 1822 exposuit
629 1723 901 1811 catechismum,
934 1743 1037 1818 quem
1071 1723 1133 1797 fibi
1160 1725 1231 1798 elle

41 1823 234 1916 scripturam
261 1820 363 1896 dixit.
413 1822 456 1893 ln
480 1821 708 1896 concionibus
731 1818 849 1914 passim
881 1840 900 1890 a
925 1815 1141 1909 dogmatibus
1175 1821 1238 1892 ab·

41 1915 237 1991 llrustotibua
266 1915 456 2011 prudenter
479 1915 664 2006 abstinuit,
687 1933 723 1989 et
748 1913 789 1987 ad
814 1913 924 1986 vitam
950 1911 1133 2008 moresque
1159 1933 1236 1984 orn·

41 2012 259 2123 niandirepit,
279 2010 322 2120 de
344 2011 676 2120 Praedeslimtione,
701 2027 853 2107 peccato
875 2004 1055 2115 originali,
1081 2026 1118 2081 et
1133 2007 1238 2105 inpu-

45 2102 1237 2292 pnppppttgpppccparptoadepianrupupgputpnmilrpgippqpprippirpMsg:
1355 2184 1357 2190 ¹

47 2295 343 2392 nuncuparent,
362 2296 456 2390 qui..
469 2297 623 2372 nondum
641 2297 743 2393 plene
763 2293 991 2380 reformatur,
1018 2293 1084 2367 hac
1100 2294 1238 2370 ratione

49 2389 287 2466 reformationis
321 2391 534 2465 Genevensrs
571 2391 767 2489 progrellua
811 2387 878 2462 filli
923 2385 1019 2483 poue
1056 2387 1242 2466 arbitratur

52 2485 99 2595 ell.
144 2485 288 2597 Sustulit
310 2485 777 2600 veroumagistratuspostea
799 2484 835 2557 in
869 2483 943 2594 ejus
973 2483 1121 2579 gratiam
1154 2485 1242 2563 imas

52 2581 1007 2784 grnstrbgppffi{iplbttqqrpvlzlggagqlcuttemoedqupspttitgnh,
1030 2671 1076 2748 stc
1095 2679 1243 2776 proprie

53 2769 163 2861 attae,
187 2776 297 2848 lorrna
319 2772 411 2844 circa
435 2773 525 2846 idem
550 2791 705 2868 tempus,
738 2770 795 2844 sed
818 2771 919 2867 paulo
952 2767 1049 2862 post,
1082 2771 1241 2852 instituta

52 2865 99 2942 ut.
132 2871 178 2948 ,ln
199 2871 322 2942 horreo
337 2865 487 2963 primurn
503 2865 721 2952 concionati,
746 2864 805 2962 qui
821 2889 867 2938 eo
885 2863 972 2938 milli
987 2883 1104 2956 erant,
1128 2868 1239 2962 dein,

53 2981 118 3036 curn
140 2965 252 3051 locut,
286 2985 367 3057 prae
391 2963 612 3038 multitudine
634 2961 921 3046 reformatorum,
944 2958 1060 3033 indier
1078 2963 1240 3039 crescen-

54 3055 1240 3250 lull‘ltlglt‘allssllssznlfllllill‘lllaltll'fflli

55 3267 117 3322 nur
134 3267 243 3324 autern
266 3270 390 3324 eorum
411 3249 602 3323 ordinarius
623 3207 740 3322 Pall’or
767 3243 837 3320 fuir
860 3245 1077 3320 Wernerdur
1099 3249 1243 3326 Helmi·

58 3339 159 3433 ebiur,
187 3368 217 3420 a.
245 3364 352 3455 ¹⁵?9·
376 3344 615 3441 inauguratur,
646 3343 703 3416 cui
729 3341 854 3416 eodern
877 3340 969 3416 ando
991 3341 1169 3438 adiunclut
1192 3345 1246 3422 est

58 3433 200 3514 lincolam
220 3439 432 3538 Soptngiua,
456 3459 492 3513 et
517 3463 546 3514 a
569 3445 673 3528 1580.
698 3439 916 3514 Hermannur
938 3437 1087 3512 Modet:
1113 3441 1157 3512 de
1171 3463 1249 3536 quo·

60 3527 141 3641 lupqa
160 3534 221 3631 egi.
266 3533 367 3630 Quae
389 3536 518 3631 duplex
542 3533 799 3610 reformationis
822 3529 935 3608 forma
958 3554 1041 3606 mox
1062 3532 1141 3608 lites
1164 3555 1248 3628 pro·

61 3623 758 3716 umummformatoteruuifnunum
767 3683 780 3724 ,
796 3627 1002 3724 nonuujus,
1014 3625 1072 3700 sed
1089 3626 1252 3718 illorum,

468 3807 476 3823 ,
598 3725 721 3822 Νη
1020 3719 1245 3810 tolerantiam
