3098 4436
514 289 619 367 Senot.
648 287 749 365 XVI.
1002 281 1004 286 ¹
1174 279 1276 395 287·⁴

39 465 181 566 legatis,
221 469 285 570 qui
309 467 498 546 necessaria
528 469 569 543 ad
603 463 755 542 foederis
781 465 1034 544 observantiam
1065 488 1241 548 curarent.

37 589 67 652 4.
90 573 219 640 luterea
239 568 447 666 lingularum
477 564 737 640 Provinciarum
765 565 842 660 jura
873 585 910 637 et
934 565 1121 664 privilegia
1145 571 1239 644 inter

38 683 109 754 gra,
133 681 168 734 et
185 662 330 762 singulis
347 662 482 754 relitla,
501 663 631 736 sorent.
680 663 782 734 Circa
800 662 1004 758 religionem
1020 669 1102 752 sun
1120 663 1240 760 specie

38 755 162 852 fingulis
183 761 366 856 integrum
398 757 490 832 soret
521 757 687 844 llatuere,
727 757 817 852 quod
853 779 940 829 ere
973 761 1079 832 visum
1113 759 1241 852 suerit,
1313 827 1316 832 .

37 855 147 948 absque
169 873 309 947 tamen,
335 874 373 930 ut
392 854 511 951 aliquis
529 872 715 927 vexaretur
732 873 808 940 aut,
835 853 871 925 iu
888 873 966 925 eurn
984 855 1239 950 inquireretur,

38 947 195 1042 religionis
211 954 329 1025 causa.
364 951 477 1050 Quem
498 951 679 1024 articulum
700 947 843 1044 egregie
858 949 1022 1040 exposuit
1043 951 1185 1026 Grotius
1203 953 1242 1031 iu

38 1041 174 1140 Apolog.
199 1069 279 1144 cap.
305 1047 354 1119 11.
405 1045 573 1119 lnvitatae
595 1066 700 1140 porro
728 1043 769 1116 ad
800 1045 870 1116 boc
893 1041 1017 1118 foedus
1050 1043 1128 1120 sunt
1157 1051 1241 1123 Pro·

39 1141 161 1212 vinciae
182 1143 296 1232 aliae,
335 1140 412 1215 licet
437 1142 600 1238 religioni
624 1137 829 1212 Pontificiae
856 1137 1032 1227 ausinae,
1075 1165 1154 1216 curn
1179 1168 1243 1218 ex·

39 1235 134 1329 psello
149 1237 410 1329 declaratione,
421 1237 557 1332 singulis
575 1235 767 1332 provinciis
781 1236 905 1318 salvam
921 1235 1240 1333 l'orereligiouem3

41 1349 70 1402 et
89 1332 172 1406 haud
205 1337 356 1409 multum
385 1332 466 1430 post
489 1332 701 1409 accesserunt
733 1329 915 1420 Brabrnti,
957 1350 994 1403 et
1019 1332 1243 1410 Flsudrorum

41 1449 106 1519 pars
125 1451 266 1526 magna.
316 1429 502 1518 Attamen,
536 1428 628 1526 quod
651 1426 795 1499 multum
818 1425 959 1516 nocuit,
1003 1427 1148 1521 pacifice
1170 1451 1244 1504 nou

41 1539 212 1612 potuerunt
245 1525 284 1599 in
311 1524 497 1620 ,religionis
529 1521 675 1622 negotio
709 1520 855 1610 versari,
897 1543 963 1596 nec
996 1525 1247 1617 pacificationis

41 1615 118 1710 leges
138 1622 379 1694 observarunt.
424 1623 562 1716 lnpetus
586 1619 690 1691 etiam
713 1616 749 1689 in
777 1617 867 1690 sacra
894 1617 1077 1693 Pontificio
1102 1645 1139 1695 er
1165 1623 1244 1696 Cle·

42 1733 105 1784 rum
132 1713 262 1790 sedtum
288 1715 338 1786 est
369 1737 433 1810 per
458 1717 554 1788 varia
585 1716 681 1800 loca,
713 1711 978 1784 Pontificiorunr
1006 1739 1146 1810 quoque
1170 1717 1244 1794 uui·

45 1807 85 1880 mi
107 1811 177 1884 suut
200 1811 409 1901 exulcerati,
451 1810 511 1905 qui
536 1809 761 1883 Reformatos
791 1825 861 1876 non
889 1805 1059 1882 cessarunt
1090 1811 1245 1905 irritare,

43 1921 91 1990 et,
111 1907 167 1980 ubi
187 1928 374 2002 poteraut,
400 1924 614 2000 oppugnare.
665 1899 763 2002 Quae
778 1900 920 1996 longum
934 1899 1050 1994 foret,
1076 1923 1113 1978 et
1130 1908 1173 1982 ab
1188 1909 1246 1984 iu,

46 1995 151 2073 stituto
166 2005 341 2089 alienum,
368 2024 539 2075 enarrare.
1240 2042 1245 2066 ι

87 2093 113 2192 l.
137 2098 402 2172 CCLXXXVl.
429 2099 525 2169 Inter
559 2093 651 2191 ipsos
675 2092 904 2168 Reformatos
927 2089 996 2165 hoc
1018 2109 1055 2168 et
1078 2089 1246 2193 sequente

50 2209 123 2262 anno
140 2197 230 2270 acria
250 2195 432 2288 viguerunt
459 2190 609 2283 offitia,
625 2192 661 2264 in
688 2191 807 2285 primis
831 2191 875 2261 de
897 2189 1072 2284 regimine
1091 2215 1127 2266 et
1144 2193 1247 2269 discis

53 2287 129 2377 plina
149 2289 281 2368 Eccles.
307 2311 385 2362 curn
414 2285 595 2377 Coolltasto,
624 2285 784 2358 Leidensr
801 2281 949 2356 Pastore.
999 2285 1110 2382 Quam
1133 2287 1245 2364 hillo·

55 2401 132 2455 team
160 2384 295 2482 prolixe
318 2403 456 2457 narrant
471 2385 710 2476 Utenbogart,
736 2380 880 2466 Brandt‚
908 2379 1102 2476 Trigland;
1127 2384 1183 2456 sed
1198 2408 1246 2464 ex

57 2473 177 2555 diverfis
199 2479 452 2568 monumentis,
479 2481 612 2572 priores
634 2499 678 2550 er
702 2475 831 2550 duabus
859 2475 1029 2570 apologiis
1054 2477 1248 2572 Coolhasri,

57 2589 86 2640 et
105 2575 228 2674 scripto
256 2574 521 2673 jrrllificatorio,
552 2597 572 2646 a
596 2571 804 2668 Magistrum
821 2568 978 2645 Leidenfi
993 2571 1108 2663 edito,
1135 2574 1249 2673 Trig-

58 2661 119 2739 land
140 2697 224 2749 vero
247 2695 290 2745 ex
319 2670 476 2746 historica
500 2669 714 2757 narratione,
746 2691 766 2740 a
798 2665 941 2762 Synodo
977 2669 1182 2744 Hollaudiae
1212 2695 1248 2752 a.

65 2771 151 2850 1582.
182 2767 357 2844 confessa.
408 2763 627 2838 conferenda
659 2786 745 2836 vero
777 2762 856 2834 sunt
890 2763 978 2836 naec
1001 2787 1247 2859 monumeutt,

60 2851 79 2926 fi
99 2862 163 2953 quis
187 2863 381 2940 adcuratam
404 2859 455 2932 rei
479 2859 566 2933 velit
581 2857 756 2948 notitiam,
784 2880 884 2952 quam
903 2857 1020 2951 paucis
1035 2877 1167 2936 tanturn
1186 2886 1250 2939 ex·

62 2945 180 3035 bibebo.
233 2959 372 3034 Semina
415 2953 607 3030 discordiae
647 2955 740 3028 inter
781 2955 962 3047 Casperum
1003 2955 1249 3054 Koollrasrum,

62 3063 91 3116 et
115 3051 245 3133 Petrum
270 3053 490 3140 Cornelium,
523 3069 705 3145 utrumque
728 3047 898 3124 Pastorem
929 3047 1158 3144 Leidensem,
1188 3077 1253 3132 an.

65 3157 100 3212 tu
127 3159 220 3244 1578.
248 3151 313 3224 'arn
339 3168 437 3248 erant
456 3143 567 3243 jetta,
591 3168 670 3220 cum
701 3147 821 3219 Petrus
847 3141 995 3236 Casparo
1014 3143 1254 3224 inobedienti·

67 3254 112 3308 ἰπὶ
132 3175 409 3322 confiffloriorum
432 3244 633 3339 inputaret,
658 3260 693 3315 et
720 3239 883 3333 Casparus
908 3238 1031 3334 Petro,
1063 3245 1156 3339 quod
1188 3269 1253 3323 eru·

68 3343 145 3412 terna
165 3343 269 3441 magis
293 3359 427 3416 curaret
453 3359 554 3436 quarn
570 3337 721 3412 interna.
772 3334 841 3410 Sed
857 3335 967 3432 prima
983 3335 1105 3430 initia,
1130 3341 1251 3421 secuu-

68 3423 133 3504 dum
153 3436 319 3513 Coolhasri
343 3434 592 3522 narrationem,
618 3433 777 3522 luerunt,
794 3429 885 3528 quod
912 3431 1135 3527 Magistratus
1153 3441 1253 3515 volu·
1298 3519 1300 3527 ,

70 3524 142 3618 erit,
163 3555 197 3608 ut
222 3529 417 3630 Presbyteri
442 3526 656 3605 etssDiaeoni
679 3527 829 3625 scripto,
856 3525 965 3601 officii
991 3552 1110 3604 eorum
1136 3553 1254 3626 partes

69 3625 260 3716 uoluenti,
295 3647 330 3704 et
353 3653 372 3705 a
398 3623 620 3721 Presbyterio
641 3623 848 3719 adprobato,
882 3621 1146 3716 subscriberent,
1171 3650 1255 3722 pro·

69 3707 311 3830 mitterentque,
332 3721 370 3809 se
393 3745 435 3803 et
460 3717 653 3892 ‘megin
670 3741 813 3798 munere
828 3715 1045 3800 versaturus:
1072 3720 1162 3817 quod
1177 3720 1257 3896 gui·

637 3836 711 3907 us
1203 3836 1258 3914 eut
