3098 4436
280 283 352 378 312
675 257 820 358 ffissoril
848 257 973 360 Ertlrs.
1000 257 1113 358 Csrrifl.

330 475 385 530 tor
421 463 536 522 morte
569 437 728 540 punitur:
763 439 867 550 sileo,
889 437 1020 548 quippe
1049 438 1148 536 parvi
1181 437 1463 613 momentiffler

283 479 513 628 {stromatei
537 559 575 612 et
601 535 847 634 Anabapulias
873 535 975 614 sutile
998 537 1194 633 litigatum,
1216 539 1253 615 in
1280 563 1345 638 qua
1431 533 1467 610 tl·

286 647 384 724 lione
412 639 519 714 suerit
541 635 658 710 aneilla
684 653 829 707 mortua.

330 740 362 840 ς.
386 729 557 812 CCCXX.
598 728 757 806 Historia
795 723 1022 802 Ecclesrarum
1055 726 1166 826 Belgii
1199 727 1362 806 foedermi
1393 728 1474 826 hujut

284 836 389 915 seculi
422 853 491 906 nna
522 827 609 902 serie
631 846 784 908 narrata,
814 831 1023 920 pertexenda
1045 823 1187 920 quidem
1211 825 1303 902 soret
1325 824 1397 900 belli
1414 847 1477 902 cunt

285 927 452 1028 Hispania
475 922 644 1016 narratio,
668 926 784 997 donec
808 921 968 994 induciae
991 917 1103 994 fadlee
1124 919 1193 996 lint
1214 945 1246 996 a.
1276 929 1396 1014 1609„
1436 923 1478 994 ui·

285 1033 350 1106 bur
373 1019 576 1102 Provinciae
600 1019 803 1094 foederatae
829 1039 895 1113 pro
917 1015 1041 1104 libera,
1071 1034 1108 1090 et
1130 1015 1183 1092 sui
1209 1017 1297 1114 jurir
1327 945 1478 1114 repudia

283 1124 476 1202 declaratae
501 1116 597 1192 sunt:
631 1115 712 1205 sed,
743 1135 821 1222 enm
850 1110 895 1186 ad
921 1105 1073 1185 nostrum
1105 1133 1176 1188 non
1203 1115 1376 1224 pertineat
1397 1109 1477 1188 insti·
1532 1137 1534 1216 4

283 1237 421 1309 tutum,
448 1237 516 1289 nec
540 1231 679 1306 praeter
701 1211 844 1305 praelia,
867 1206 1006 1280 urbium
1029 1227 1330 1304 expugnationes,
1360 1226 1396 1284 et
1414 1205 1480 1284 seli·
1532 1247 1534 1304 ,

284 1341 345 1394 ces
378 1309 627 1388 celebratiffimi
655 1307 770 1396 Ducit
801 1301 963 1378 Mauritii
997 1302 1479 1400 Principirsuccelsur,mu17
1532 1319 1534 1392 j

285 1425 361 1486 tum
385 1405 583 1492 contineat,
609 1403 666 1475 hic
688 1401 794 1488 finio,
819 1401 921 1471 etad
946 1397 1231 1474 reformationem
1263 1403 1420 1500 Anglire,
1445 1420 1478 1474 at
1533 1441 1534 1468 r

285 1505 448 1590 Scotiae,
472 1500 604 1596 quippe
627 1495 669 1569 ad
692 1493 840 1570 eandem
864 1491 940 1567 sere
962 1493 1109 1569 sormam
1134 1495 1286 1590 faciam,
1308 1519 1346 1575 et
1361 1494 1479 1593 perfec·

215 1687 220 1692 ¹
282 1621 374 1690 tam,
407 1598 601 1671 summatim
633 1589 856 1678 tradendam,
890 1587 1048 1666 ducein
1079 1591 1202 1690 primia
1234 1598 1408 1684 dumeto,
1433 1587 1477 1688 qd

283 1719 365 1776 cant
387 1692 462 1769 snse
490 1710 528 1766 et
553 1687 676 1798 exacte
700 1683 898 1782 descripsit,
921 1706 1044 1783 pergo.

592 1878 934 1956 REFORMATIO
956 1876 1194 1958 ANGLlAE.

327 2078 359 2176 ς.
384 2073 574 2150 cccxxi
598 2071 733 2142 Statum
760 2066 934 2142 Ecclesiae
959 2067 995 2141 in
1028 2068 1155 2166 Anglia
1178 2069 1220 2146 ad
1255 2073 1408 2152 animum
1435 2095 1479 2150 re·
1533 2081 1534 2138 ἓ

279 2171 423 2246 vocanti
456 2169 563 2240 multa
591 2163 732 2260 quidem
768 2160 837 2237 sese
861 2162 1036 2253 offerunt,
1069 2187 1157 2262 quae
1185 2171 1360 2264 publicam
1383 2173 1479 2248 resor·
1533 2151 1534 2199 ¹

279 2266 472 2343 mationem
496 2259 641 2334 reddere
663 2257 870 2334 videbantur
892 2261 969 2333 sere
992 2261 1238 2355 inpollibilem,
1266 2267 1328 2342 sed
1349 2287 1385 2340 et
1407 2269 1479 2356 alia,

279 2359 629 2549 littmlilllz
663 2353 869 2524 illlis
888 2355 1480 2534 siimdliisiiisgliislis

278 2576 318 2630 et
344 2551 497 2628 maxime
520 2544 693 2646 vigentia,
719 2563 792 2619 tum
817 2545 967 2620 Henrici
987 2547 1111 2638 vrri,
1135 2570 1173 2624 et
1196 2553 1390 2630 Cardinalir
1407 2509 1481 2632 vos

159 2659 161 2664 '
276 2651 347 2739 sei,
372 2673 391 2721 a
416 2648 513 2739 cuius
539 2664 626 2718 nutu
650 2641 767 2716 omnia
807 2639 996 2732 cadebant,
1020 2641 1216 2738 ingenium,
1239 2649 1364 2744 Papia,
1392 2671 1482 2726 etre-

278 2745 405 2843 ligioni
430 2739 658 2830 Pontifitiae,
692 2664 975 2812 addidiffimum:
1008 2740 1104 2832 eujus
1127 2739 1296 2820 inditium
1320 2747 1484 2824 Henricur

277 2843 375 2918 inter
399 2839 462 2912 alia
484 2835 579 2912 dedit
603 2836 639 2909 in
672 2833 761 2908 libro
793 2855 918 2910 contra
941 2834 1128 2910 Ltrtlterum
1158 2839 1203 2912 de
1227 2836 1357 2932 septem
1385 2842 1486 2933 sana·

281 2939 419 3025 mentis,
444 2932 537 3021 srve,
561 2949 598 3007 ut
623 2928 724 3006 multi
750 2929 956 3024 opinantur,
981 2955 1000 3004 a
1024 2929 1200 3007 Fillcltero
1216 2935 1381 3014 Roffenfi
1423 2939 1485 3014 ssve

283 3038 327 3108 ab
349 3031 424 3128 ipso
448 3031 566 3124 Rege,
592 3027 685 3124 quod
708 3027 842 3100 mavult
867 3027 1052 3115 Burnetur,
1078 3049 1145 3102 nec
1163 2996 1484 3124 inprobabile’vide·

284 3130 315 3204 ri
335 3127 493 3296 poterit,
530 3145 610 3199 tum
646 3123 727 3196 Rex
752 3121 789 3196 in
814 3120 1012 3218 Theologia
1046 3123 1257 3200 Scholastica
1289 3151 1362 3204 non
1387 3132 1484 3208 suerit

284 3227 428 3313 hopes,
453 3221 616 3294 Thomae
649 3216 835 3314 Aquinatit
867 3239 1004 3315 quoque
1033 3219 1215 3310 adorator,
1250 3224 1401 3320 scripto:
1446 3249 1484 3302 uo

284 3316 472 3414 Defensorir
501 3315 585 3413 fidei
614 3313 752 3387 titulum
784 3311 910 3386 meruit
940 3315 1101 3388 aLeone
1127 3315 1171 3390 X.
1220 3315 1285 3392 Cui
1316 3345 1396 3400 cum
1472 3365 1484 3382 ·

284 3417 426 3503 therur,
462 3429 500 3486 ut
523 3410 583 3485 suo
606 3409 686 3482 loco
712 3406 849 3496 notaui,
881 3406 982 3483 nimir
1006 3413 1152 3500 acerbe,
1178 3433 1215 3485 et
1241 3415 1419 3512 Majellati
1439 3422 1487 3495 io·

280 3511 430 3614 jutiose,
460 3503 704 3603 respondisset,
738 3501 830 3577 adeo
866 3506 972 3580 etiarn
1005 3525 1043 3580 ut
1076 3505 1252 3602 Epistolae
1279 3515 1324 3586 ad
1357 3517 1480 3612 Regem

194 3677 197 3682 .
283 3604 521 3710 praemiserit,
546 3601 601 3677 M.
633 3599 797 3674 Lnrlrerrrt
824 3606 941 3693 gratio
962 3601 1028 3674 Dei
1051 3603 1264 3698 Ecclestosler
1290 3611 1481 3706 Wtreherg

221 3779 257 3806 .,
283 3709 426 3786 Hordeo
457 3701 561 3784 Vlll.
595 3701 647 3774 iro
670 3695 737 3772 Dei
760 3693 850 3794 Regi
872 3715 961 3792 etc,
990 3699 1126 3778 animur
1158 3701 1267 3799 Regio
1289 3725 1308 3780 a
1336 3707 1487 3877 dffm

250 3825 260 3844 r
544 3847 547 3854 -
901 3854 908 3862 -
1400 3823 1486 3875 eor·
