3148 4434
14 1202 15 1208 ¹
117 1175 225 1252 Deus
257 1168 328 1242 sese
354 1169 520 1244 creaturis
544 1167 798 1244 manifestavit:
830 1169 958 1244 monife

315 103 320 110 ’
469 185 519 226 Ν.
616 123 724 207 oco
750 125 854 222 xro
1188 231 1192 238 p
1266 117 1340 232 43,

114 307 222 402 serit,
246 303 283 384 in
309 305 421 384 iucem
447 304 593 404 egregie
615 308 787 405 protraxit
810 326 931 401 autor,
964 310 1024 408 qni
1048 309 1100 389 eii
1122 311 1215 390 Som.
1241 313 1340 392 Crei-

24 491 26 498 ,
112 411 207 499 lina,
238 404 273 478 in
308 404 399 479 Bibl.
430 406 544 478 Brem.
576 405 619 478 cl.
651 405 683 476 1.
732 405 838 479 conf.
871 408 977 481 etiam
1004 407 1229 488 Lubieniciua
1253 411 1339 488 bist.

26 517 31 532 ·
112 503 263 578 reform.
296 497 483 590 Poloniae,
514 517 553 575 et
582 498 725 574 Sandiur
754 499 839 575 Biol.
868 501 1038 581 Antitrin.
1087 505 1243 582 Christus
1272 507 1341 604 ipfi

21 591 34 653 ’τ’
121 623 159 676 1.
186 595 237 672 est
258 615 360 670 verua
380 595 508 684 bomo,
531 593 592 691 qui
615 615 697 670 ante
720 595 873 670 Mariam
897 617 966 671 non
990 597 1138 678 exstitit.
1174 623 1207 678 2.
1234 626 1341 700 quem
1411 599 1415 608 ’

21 715 30 728 ·
117 695 236 792 ipsum
259 689 350 781 effe,
375 709 413 765 et
436 689 525 779 dici,
551 690 656 778 riiiooa
681 691 754 766 Dei
778 688 898 765 statuit
922 713 966 766 ex
981 696 1100 771 Maria
1117 713 1256 788 natum,
1279 697 1342 775 sed

23 781 33 822 ³
150 842 162 864 .
187 791 228 862 ab
259 807 303 860 eo
331 786 399 862 effe
432 791 561 862 verbum
587 786 653 860 Dei
678 784 902 877 distindium,
926 786 997 862 eiie
1020 791 1115 866 enim
1139 797 1271 868 nerbono
1296 792 1341 873 ii·

20 881 26 920 ’·
166 885 189 960 d
209 901 410 971 aeternum,
435 900 473 955 et
494 881 531 956 in
558 881 630 956 Dei
658 879 861 971 substantia,
887 903 956 958 nec
976 883 1067 960 aliud
1091 885 1174 984 quid
1189 887 1275 982 effe,
1298 911 1340 966 ac

20 977 24 1018 ³
115 977 475 1077 repraesentationem
525 976 654 1051 Christi
693 979 731 1052 in
775 993 895 1052 orente
927 977 1061 1056 Divina
1092 983 1136 1059 ab
1169 989 1337 1062 aeterno

17 1069 32 1114 ἶ
114 1097 246 1153 verum
277 1077 316 1147 in
356 1092 516 1167 tempore
553 1071 769 1148 manifestam
803 1071 927 1150 factam
960 1076 1234 1248 ffitmodum,
1267 1038 1341 1179 qud

1032 1195 1051 1248 a

1092 1193 1209 1250 autern
1233 1175 1270 1264 se
1300 1174 1340 1254 in
1430 1197 1435 1206 ¹

14 1301 18 1310 ’
119 1271 239 1346 forrna
263 1265 431 1338 humanae
455 1263 572 1353 finili,
599 1284 637 1338 ut
661 1265 730 1337 boc
757 1267 863 1338 modo
879 1265 1031 1344 futurum
1049 1269 1140 1344 ilium
1157 1272 1342 1350 hominem

12 1363 21 1406 ²
119 1361 300 1442 Christum
316 1360 581 1456 praefiguraret,
608 1359 878 1454 praeformaret,
896 1383 933 1435 et
951 1364 1155 1442 exhiberet:
1173 1365 1243 1442 effe
1258 1391 1343 1464 por.

12 1475 21 1504 '-
120 1485 167 1535 ro
201 1461 292 1533 iiiam
319 1457 479 1528 formam·
498 1477 567 1526 non
591 1453 787 1530 dissindium
812 1457 896 1551 quid
921 1480 940 1532 a
964 1479 1082 1534 mente
1104 1461 1256 1553 Divina,
1280 1481 1342 1538 aut

10 1561 12 1602 ³
120 1557 198 1632 Dei
224 1550 334 1628 Patris
360 1549 551 1647 bypostasr,
576 1549 632 1624 sed
658 1551 769 1647 ipsum
790 1552 904 1626 Deum
924 1555 1079 1645 Patrem,
1107 1557 1143 1630 se
1160 1557 1211 1634 ita
1225 1560 1341 1635 mani·

118 1649 319 1734 festantem·
374 1649 479 1742 Cujus
506 1643 684 1738 personam
710 1645 893 1740 aliquando
922 1667 1084 1742 gerentes
1101 1653 1247 1745 Angeii,
1272 1653 1343 1726 eti-

10 1787 13 1794 .
121 1772 182 1822 ann
207 1741 394 1832 Christum,
420 1746 603 1816 humanam
630 1738 776 1814 formam
801 1741 1040 1828 adsumentes,
1066 1744 1341 1836 adumbrabant,

125 1864 168 1914 et
195 1839 479 1936 praefigurabant.
530 1838 680 1910 iterem
707 1836 870 1933 exposuit
898 1835 1042 1913 Creliiot
1067 1838 1088 1912 i.
1115 1838 1174 1911 cit.
1198 1838 1344 1914 Articu-

126 1941 185 2016 lus
212 1957 298 2008 vero
321 1932 572 2008 Genevensrum
599 1951 716 2024 opinor
739 1937 788 2004 ite
803 1932 925 2022 babet,
951 1949 987 2007 at
1006 1934 1235 2030 intelligetur,
1258 1957 1342 2031 qoa-

127 2035 192 2108 iem
228 2033 453 2104 aeternitatem
487 2025 610 2114 Cirilio
647 2032 791 2113 tribuat,
816 2027 926 2121 stent,
968 2027 1105 2124 inquit,
1147 2052 1199 2104 res
1236 2054 1344 2108 omnes

133 2151 218 2204 roric
235 2124 317 2223 sunt
341 2129 373 2196 in
398 2125 485 2210 Deo,
520 2130 569 2196 ito
590 2125 695 2194 eodem
718 2127 824 2196 ordine
849 2140 927 2198 nore
950 2131 1145 2200 creationem
1175 2145 1270 2202 eroor
1304 2132 1343 2203 in

133 2250 188 2310 no,
212 2239 244 2294 et
266 2223 553 2319 primoomnium
579 2217 734 2310 Christos.
784 2219 897 2306 Item,
934 2219 1026 2295 Dtrtr
1049 2227 1176 2298 ratione
1190 2222 1342 2318 soo'oe·

132 2341 228 2402 rernn
262 2317 453 2412 corporalem
479 2313 548 2408 fibi
586 2331 619 2385 et
660 2314 814 2407 oifiiiiern
850 2313 963 2389 dilium
994 2317 1206 2401 'eiterooiirer
1236 2311 1354 2393 decer-'¹

131 2439 231 2500 reos,
266 2418 345 2488 ruiis
367 2411 491 2509 spetiei
513 2409 702 2505 substantio
723 2409 765 2505 se
795 2408 897 2507 ipsum
929 2409 1089 2504 risibilem
1117 2417 1251 2510 praebet
1279 2422 1356 2508 per,¹

132 2517 326 2588 Sermonem.
374 2509 472 2606 Quae
503 2508 621 2579 omnia
660 2509 802 2600 agnovit
842 2509 1017 2584 Servetur.
1066 2510 1184 2604 Hujus
1221 2532 1345 2588 autem

135 2603 277 2684 virtutis
298 2603 470 2690 Divinae,
496 2602 532 2676 in
556 2599 692 2674 Christo
707 2600 918 2687 habitantis,
942 2602 1118 2699 respectu,
1142 2604 1253 2696 dixit,
1273 2631 1344 2679 ooa-

134 2709 193 2782 raio
214 2723 270 2796 per
295 2697 397 2796 ipsunt
424 2695 484 2792 effe
508 2713 640 2783 creato,
671 2713 704 2769 er
737 2695 839 2790 ipsum
872 2693 933 2792 effe
965 2722 1074 2774 oerore
1106 2700 1226 2778 Deum.
1272 2701 1343 2780 Sed

134 2801 228 2897 quod
245 2798 355 2893 ipsum
371 2795 415 2868 de
433 2792 589 2868 omnibus
605 2791 781 2879 fidelibus,
800 2791 985 2868 secondom
1003 2792 1250 2961 rpussystema,
1269 2797 1344 2876 diei

134 2912 295 2993 poteret,
319 2914 357 2966 et
379 2891 454 2984 ipse
480 2890 603 2974 etiam,
630 2903 670 2960 ut
693 2886 799 2960 modo
815 2885 984 2974 vidintur,
1026 2888 1111 2966 affor
1127 2887 1189 2968 est.
1241 2895 1347 2990 Geneg

135 2995 222 3066 ratio
248 3011 333 3062 vero
356 3002 489 3060 orreroa
512 2982 576 3075 ipii
602 2979 652 3054 est
674 2981 912 3079 generationis
933 3000 972 3059 et
994 3005 1039 3058 co
1064 2983 1186 3074 itatio‚
1217 3006 1255 3060 et
1282 3011 1348 3084 ex»,

137 3083 290 3170 hibiti03
315 3083 551 3156 incorrutionis
575 3077 699 3150 modun
722 3077 793 3167 est,
820 3079 911 3174 quod
935 3079 977 3164 eb
992 3009 1084 3176 sipio
1112 3083 1249 3158 Mariae
1268 3101 1346 3160 ute·
1446 3169 1450 3178 ,

138 3207 181 3258 ro
201 3181 316 3254 iurnta
342 3177 383 3250 srt
406 3174 548 3248 materia
573 3170 702 3262 carnin,
730 3171 859 3248 sumtus
876 3173 1236 3272 sanguiapuriiiimua,
1260 3204 1347 3278 pura
1390 3233 1398 3248 .

138 3297 315 3360 creatura,
339 3272 428 3346 adeo
445 3289 483 3344 ut
506 3287 640 3342 terrena
656 3270 819 3359 materia,
848 3287 1024 3346 terrenum
1041 3272 1275 3367 elementum,
1303 3277 1347 3350 stt

138 3377 177 3450 in
202 3367 340 3445 Cbrisso
362 3391 381 3440 a
405 3385 538 3454 matre;
564 3363 619 3439 sed
644 3384 826 3460 paternum
852 3364 966 3442 semen
987 3368 1100 3444 Verbi
1118 3368 1348 3446 substantiali·

141 3491 198 3544 aet
223 3463 449 3540 continebant
472 3482 597 3557 aquae,
622 3459 732 3547 neris,
755 3480 792 3536 et
808 3459 919 3558 ignit,
936 3461 1349 3554 elementaremsubstnn·

122 3564 261 3646 aiant,
299 3560 396 3651 quale
426 3575 463 3633 et
492 3557 543 3658 io·
563 3554 666 3636 nobie
694 3573 875 3654 paternum
908 3557 1063 3646 ooiitom
1091 3559 1220 3670 semep,
1265 3559 1353 3654 ¹Quo

133 3702 142 3732 ι
196 3651 394 3764 TornJIl.
717 3652 809 3751 Ppp
998 3659 1004 3668 “
1069 3657 1079 3670 ”
1264 3651 1363 3739 eniri
