3170 4430
465 217 479 274 ,a
550 209 552 213 ’
576 182 688 262 διευΙ,
708 182 809 262 XVI.
1220 219 1292 294 503

65 366 263 452 veritatem,
287 357 321 430 in
345 358 573 458 circumspella
595 367 780 457 prudentiae
804 366 960 455 lenitate,
985 389 1078 462 quom
1096 369 1129 440 in
1146 367 1293 466 effrasm

61 463 165 550 zelo,
191 459 269 553 plus
297 457 413 528 habere
442 457 608 553 praefidii.
661 463 789 535 Mansit
821 465 942 559 utique
965 465 1117 552 Laelius,
1145 487 1182 537 ut
1204 468 1289 546 ibid.

63 557 191 644 addit,
226 557 310 624 inter
342 556 500 650 capitales
524 557 609 651 siae
633 559 818 651 jeruentioe
848 560 950 652 helles
979 565 1159 654 integeret
1185 564 1290 638 invio·

63 657 184 741 lutus,
217 670 281 720 nec
312 649 445 740 miuus,
479 659 563 746 quin
596 655 725 749 magis,
759 655 967 752 propagavit
999 658 1183 754 opiniones
1214 659 1290 736 suas

67 743 367 848 quaquaversum,
400 750 588 842 praecipue
623 773 687 844 per
714 751 816 823 Italos
846 750 1015 846 profugos
1050 753 1134 827 srdei
1164 755 1285 845 caula,
1330 817 1336 823 .,

68 866 115 922 et
143 865 203 940 per
224 843 347 917 multas
370 841 578 918 Germaniae
601 865 642 917 ac
666 846 831 920 Poloniae
847 845 1008 939 regiones
1026 847 1173 943 sparsos,
1198 873 1287 948 quos
1395 893 1398 898 ,

66 939 153 1040 ipse
176 937 212 1012 in
236 935 355 1031 primis
375 939 557 1012 erudierat.
605 939 788 1035 specimen
806 943 976 1038 quoddam
994 942 1166 1032 instituti,
1192 947 1284 1042 quod

66 1033 189 1116 tenuit
211 1032 370 1122 Laelius,
394 1052 432 1106 et
454 1033 510 1108 alii
534 1035 734 1111 Orthodoxi
751 1059 831 1110 cum
848 1037 940 1132 ipso,
965 1042 1102 1112 adeum
1121 1043 1284 1116 erudien-

63 1139 179 1220 dum,
205 1150 242 1204 et
266 1127 415 1225 quaesita
438 1131 494 1204 seu
519 1130 623 1207 dubia
650 1133 816 1221 tollenda,
849 1134 926 1229 capi
953 1134 1069 1227 potest
1093 1155 1135 1208 ex
1158 1135 1283 1212 litteris

63 1226 205 1315 Laelii,
231 1245 270 1298 et
290 1219 431 1322 inlignis
453 1224 596 1322 alicujus
619 1226 774 1301 doiloris
797 1227 1038 1322 responsoriis,
1070 1231 1161 1328 apud
1185 1234 1282 1318 Hot-⁴

67 1329 251 1421 tingerum
276 1318 351 1394 hist.
377 1321 509 1395 Eccles.
535 1323 602 1396 sec.
628 1323 731 1398 XVl.
754 1340 841 1420 part.
871 1325 919 1399 V.

119 1423 153 1520 ᾗ.
179 1416 447 1494 CCCCXCVll.
481 1416 522 1490 ln
563 1419 738 1492 Poloniam
772 1418 882 1513 prima
921 1418 1001 1494 vice
1038 1420 1217 1517 proselitis
1248 1447 1281 1504 a.

71 1539 209 1610 1551·‚
242 1533 306 1610 pro
337 1513 451 1608 paucis
475 1511 667 1604 menlibus,
698 1515 848 1588 innotuit
873 1517 1042 1612 plerisque
1066 1520 1281 1614 Nobilibus,

67 1618 214 1710 seseque
258 1609 416 1703 praebuit
455 1629 660 1703 acceptum,
694 1610 876 1683 Francilco
913 1633 1049 1706 quoque
1087 1613 1282 1692 Lismanino

70 1715 295 1804 Corcyraeo,
324 1707 442 1776 Bonae
473 1702 623 1777 Sfortiae
655 1702 813 1796 Reginae
835 1705 1120 1794 confelnomrio,
1152 1729 1188 1780 et
1213 1711 1282 1782 fra·

69 1829 166 1882 trum
198 1802 369 1874 minorum
413 1796 639 1890 Prouinciali,
672 1799 888 1894 abjiciendae
919 1801 1069 1871 cucullae
1098 1802 1287 1880 acerrimus

69 1922 175 1979 autor
198 1893 298 1968 soille
319 1893 539 1982 perhibetur:
564 1894 623 1991 qui
647 1894 721 1992 ipse
745 1891 862 1988 postea
887 1893 992 1966 etiam
1015 1895 1052 1967 in
1077 1892 1286 1976 sententiam

68 2000 117 2074 de
144 1995 340 2070 llllnorltare
364 1988 442 2062 lilii
464 1988 603 2080 incidit,
636 2013 705 2086 ope
727 1988 939 2086 porillimum
963 1991 1170 2068 Blandrntae.
1222 1994 1287 2072 nl-

69 2115 149 2168 teta
174 2090 256 2162 vice
279 2111 309 2161 a.
338 2091 445 2176 1556.
469 2107 514 2159 eo
541 2086 711 2172 tetendit,
746 2085 821 2181 poll
853 2105 1001 2159 mortem
1031 2087 1136 2162 Patris
1166 2092 1285 2168 Bono·

71 2191 173 2276 niae,
198 2184 307 2271 unde,
330 2178 460 2256 litteris¹
476 2181 636 2255 Polonlae
651 2201 686 2255 et
705 2179 891 2253 Bohemiae
908 2183 1044 2278 Regum
1061 2189 1287 2262 commenda·
1330 2256 1334 2267 ,

74 2286 133 2360 tiis
166 2277 344 2366 munitus,
375 2277 451 2372 ipso
478 2279 735 2352 Melanchtone
759 2297 835 2348 eum
861 2275 927 2350 bac
947 2277 980 2350 in
1009 2301 1045 2350 re
1076 2280 1290 2376 adjuvante,'

76 2377 166 2456 teste
200 2371 359 2448 Zanchio
396 2375 418 2447 l.
455 2374 537 2461 cit..
570 2373 742 2447 Venetiae
774 2389 810 2444 et
848 2373 1051 2446 Hetruriam
1087 2378 1218 2470 petiit,
1253 2401 1286 2460 a.

78 2481 187 2566 1558·
204 2490 242 2543 et
272 2489 376 2558 1559.
401 2467 443 2542 ad
466 2487 645 2562 pater-nam
670 2467 923 2543 haereditatem
941 2473 1174 2561 cernendam‚·
1191 2475 1289 2568 sim-

74 2575 135 2646 nu's
162 2589 278 2662 quoque
301 2563 416 2658 llude'r‘r
439 2566 472 2636 ln
498 2567 569 2658 ejus
592 2564 692 2658 conso
715 2565 799 2654 apul
822 2563 1019 2638 Ludovieum
1047 2567 1193 2641 Priulum
1220 2571 1286 2645 Ve-

75 2669 265 2750 nerianum,
294 2678 325 2732 et
352 2660 495 2750 Cosmum
512 2661 709 2749 Hetrurlue,
733 2657 860 2745 Duces,
888 2661 1143 2751 certatuntfult.
1193 2669 1287 2744 Con·

75 2763 169 2840 colla
192 2756 282 2832 enim
306 2774 390 2828 tunc
414 2751 525 2828 fuerat
544 2754 701 2830 universa
718 2753 979 2828 socinianorum
998 2759 1138 2848 domus,
1165 2760 1289 2844 iisdem

79 2852 305 2957 opinionibus
329 2851 373 2925 ab
401 2847 477 2946 ipso
504 2847 655 2938 micola,
680 2867 717 2921 et
742 2868 927 2946 propterea
951 2849 1130 2944 infestata,
1161 2857 1289 2940 Fausto

78 2954 187 3030 ctiam
212 2946 293 3022 inde
308 2945 432 3041 elaplo.
486 2945 659 3042 Tigururh
678 2945 786 3018 redux
811 2947 906 3018 brevi
926 2945 1003 3041 post
1019 2947 1105 3020 obiit
1123 2971 1153 3026 a.
1183 2967 1289 3046 1562,

79 3067 180 3128 natue
213 3063 346 3118 tantum
376 3061 485 3114 annos
509 3065 565 3137 37.
615 3041 764 3142 Quando
790 3061 872 3113 mox
895 3060 939 3112 eo
962 3043 1124 3117 advolans
1152 3051 1293 3131 Faustus

80 3164 192 3221 totam
218 3141 291 3235 ejus
313 3135 561 3211 bibliothecam
586 3137 648 3213 sibi
671 3135 872 3212 vindicavit.
924 3139 1019 3210 Inter
1050 3141 1159 3216 Laelii
1183 3147 1293 3247 scrip·
1322 3225 1349 3231 ,

86 3261 139 3328 ta,
164 3258 253 3334 quae
281 3234 318 3308 in
344 3231 424 3307 Bibl.
451 3232 582 3307 Antitr.
610 3235 853 3319 recensentur,
886 3237 1042 3308 eminent
1071 3261 1098 3310 1.
1126 3241 1294 3344 Dialogus

85 3337 177 3414 iuter
201 3329 413 3408 Vaticanum
440 3345 477 3398 et
502 3329 683 3418 Calvinum
701 3353 730 3404 a.
756 3351 881 3422 1559„
907 3353 1029 3406 contra
1050 3333 1150 3430 hujus
1166 3342 1294 3421 librum

86 3434 131 3510 de
155 3428 331 3503 haereticis
352 3425 462 3520 gladio
481 3429 661 3520 puniendis.
692 3449 723 3500 a.
750 3427 794 3498 de
820 3427 1005 3502 haereticis
1038 3433 1179 3523 capitali
1216 3440 1296 3532 sop-

110 3527 190 3602 licio
225 3544 295 3596 non
326 3519 551 3610 adliciendis,
591 3521 650 3596 sub
684 3521 828 3596 nomine
864 3522 956 3595 Mini
985 3525 1083 3599 -Cellr
1114 3529 1293 3623 smenon

82 3553 166 3726 bct)
189 3618 247 3699 alu
272 3618 347 3720 ejus
375 3633 536 3696 autorem
570 3635 697 3789 ρυὲηῑ
720 3617 823 3694 luille
855 3615 1039 3706 Faustum
1073 3623 1297 3802 minusbpto·

107 3731 112 3741 '
655 3733 673 3787 1
680 3731 744 3802 14
1227 3723 1301 3804 abi.
