3128 4438
584 239 685 314 Serus.
714 238 814 316 XVI.
974 313 979 324 ,
1072 270 1132 354 Ἰ
1227 255 1356 320 261-

100 418 164 496 fibi·
177 433 325 492 eannon
344 413 561 510 displicuisse.
614 415 716 517 Quod
735 416 825 491 idem
842 436 924 492 mort
943 439 1055 515 prope
1080 416 1287 498 Harlemum

95 513 1109 700 llllltllllnlllzltllllltlllltnlllllt?
1131 521 1283 689 iiis&

436 662 446 696 ἱ
649 661 658 694 ἱ
1089 669 1098 686 0

93 729 190 874 propa
210 701 501 777 Arustelodamum
526 704 610 778 secit
635 705 810 798 Johanues
833 708 972 780 Arents.
1021 705 1125 804 Quod
1149 712 1192 783 ad
1217 709 1283 785 alic

108 825 159 876 oon
179 803 297 896 ubique
321 799 370 872 est
393 819 632 896 propagatum.
1182 875 1184 880 .

135 897 159 993 s.
181 894 334 970 ccttlt
354 897 442 968 Cum
466 917 581 970 autem
597 895 886 970 concionatorum
905 892 990 968 esset
1006 896 1169 991 penuria,
1195 924 1278 998 qua·

94 1010 163 1066 tuor
182 992 272 1064 enim
301 1009 435 1063 tantum
460 1011 559 1064 erant
585 1015 649 1086 per
672 987 911 1076 Hollandiam,
938 1013 1075 1087 praeter
1092 995 1178 1067 door
1204 1020 1280 1071 mo·

92 1089 132 1160 do
149 1088 293 1160 laudatos
318 1085 387 1157 duo
412 1104 544 1158 tanturn
571 1087 648 1174 alii,
683 1087 795 1159 Alsert
820 1085 953 1159 Gerritr
978 1109 1013 1160 et
1044 1091 1165 1162 Petrus
1191 1093 1278 1164 Cor·

91 1183 202 1270 nelisz,
232 1180 400 1254 Embdam
431 1181 616 1270 miserunt,
648 1185 738 1254 unde
770 1180 858 1252 varii
891 1203 1082 1271 venerunt,
1115 1185 1204 1257 adeo
1239 1205 1278 1260 ut

88 1278 220 1371 fingulae
228 1280 330 1350 urbes
340 1275 437 1349 brevi
445 1276 621 1373 proprium
631 1276 694 1349 stnt
702 1276 845 1371 adeptae
861 1276 1048 1353 Pastorem.
1075 1278 1155 1375 Quo
1163 1301 1276 1353 rerum

86 1371 179 1462 statu,
194 1373 247 1446 cui
256 1369 480 1465 Magistratus
489 1373 625 1445 orbium
636 1375 692 1445 vel
707 1395 778 1444 non
794 1391 1003 1468 potuerunt,
1024 1373 1077 1447 vel
1088 1375 1277 1450 noluerunt

86 1467 243 1556 refistere,
268 1465 448 1541 Nobilium
471 1465 795 1550 confoederatorum
829 1469 1022 1544 celebratus
1046 1465 1096 1542 est
1119 1493 1278 1546 conven-

84 1583 135 1636 tus
162 1567 196 1637 in
225 1561 359 1660 oppido
390 1564 581 1639 Ceutrono
613 1563 673 1660 (S.¹
699 1561 894 1654 Trudonis‚
929 1566 1008 1639 Sint
1043 1567 1119 1638 Tru
1145 1562 1206 1662 en)
1239 1567 1278 1642 in

85 1658 282 1754 Episcopatu
301 1656 500 1748 Leodiensr,
516 1657 575 1731 cui
595 1659 720 1730 addon
739 1656 840 1730 millia
860 1664 1054 1751 praesentes
1071 1589 1277 1752 aditorum,

85 1755 292 1829 deliberaturi
330 1752 411 1848 quid
434 1754 606 1848 agendum
631 1753 750 1824 soret?
784 1753 948 1847 Delegati
974 1775 1109 1848 quoque
1131 1777 1174 1828 eo
1199 1758 1278 1832 sunt

88 1853 125 1924 ab
146 1847 291 1924 Ecclesia
324 1849 447 1943 Junius
485 1868 521 1921 et
554 1845 755 1939 Peregrinos
793 1844 1014 1940 Gangraeus,
1048 1849 1146 1941 cujus
1176 1849 1276 1946 supra
1385 1907 1390 1923 ,

87 1947 236 2032 memini,
270 1966 349 2020 curn
374 1942 518 2036 Junioa
545 1939 802 2016 Genovensrbns
829 1939 865 2014 in
890 1939 1044 2036 Belgium
1072 1939 1204 2032 missus,
1239 1964 1278 2018 et

86 2040 302 2116 valentianae
326 2038 496 2134 pastorem
528 2061 654 2132 agene,
679 2032 884 2132 standifflnro
905 2055 939 2109 rr
962 2035 1177 2136 placidiffima
1202 2041 1277 2112 oni·

89 2163 154 2224 no,
184 2134 270 2210 teste
291 2133 417 2228 Junio,
448 2155 528 2208 cont
564 2131 663 2206 brevi
697 2132 828 2228 scripto
861 2131 907 2204 de
940 2133 1031 2222 fide,
1063 2157 1108 2206 err
1143 2133 1279 2209 disertio

86 2232 271 2328 scripturae
289 2229 407 2302 verbis
425 2247 585 2316 exarato,
611 2248 651 2301 ut
669 2225 996 2301 confoederatorum
1022 2231 1279 2326 consequeren-

87 2349 135 2402 tur
160 2325 413 2424 patrocinium:
440 2325 496 2396 sed
523 2323 610 2397 nihil
635 2324 849 2409 effecerunt,
874 2322 987 2417 inquit
1011 2325 1151 2420 Juoius,
1172 2331 1278 2419 inpor-

88 2445 156 2498 tuno
177 2423 345 2516 cujusdam
371 2417 604 2514 interceffionr,
637 2423 689 2493 cui
719 2415 864 2514 ignoscat
895 2419 1080 2491 Dominus?
1124 2422 1279 2496 Tantum

88 2523 252 2594 decretum
278 2513 349 2601 est,
373 2512 549 2589 securitati
574 2533 712 2588 mutuae
742 2535 780 2586 ur
805 2513 1063 2608 prospicerent,
1096 2531 1135 2586 et
1160 2515 1280 2610 postu·

88 2617 161 2703 lata,
181 2615 250 2708 jorn
276 2629 359 2683 ante
381 2609 492 2697 faeta,
517 2630 682 2705 urgerent
705 2608 795 2704 apud
823 2607 1123 2685 Gubernatricem.
1175 2609 1279 2710 Quod

86 2733 209 2820 quoque
225 2703 370 2780 effectui
393 2704 582 2792 dederont,
602 2705 737 2799 ,scripto
750 2703 854 2776 etiarn
865 2755 877 2793 ,
902 2703 992 2799 quod
1012 2709 1217 2796 memoravi,
1234 2709 1280 2780 de*

82 2807 139 2902 fide
157 2802 220 2898 apli
242 2803 371 2874 oblato.
420 2799 488 2872 Sed
512 2799 602 2874 aliud
625 2809 698 2874 non
725 2799 914 2874 retulerunt
930 2797 1149 2896 responsum,
1174 2824 1279 2899 quam

84 2904 114 2976 se
131 2899 392 2976 deliberaturam
413 2893 493 2970 esse.
849 2919 852 2926 ·

121 2995 151 3094 s.
175 2993 309 3066 cclx.
338 2993 494 3081 Interea,
513 2991 594 3066 dum
614 2991 693 3064 Rex
711 2991 920 3087 Hispaniae,
945 2990 990 3063 de
1008 2991 1282 3066 omnibus-hisce

86 3089 230 3174 motibus
255 3087 385 3161 certior
407 3085 539 3174 sosius,
563 3088 795 3176 deliberaret,
818 3085 943 3194 aliquid
972 3085 1077 3158 etiam
1101 3087 1282 3162 concessu·

86 3211 136 3262 rur
155 3184 352 3271 videretur,
375 3183 485 3258 modo
512 3183 602 3257 salva
626 3201 762 3256 maneat
785 3179 908 3277 religro
932 3181 1134 3271 Catholica3
1161 3199 1283 3257 motus

86 3284 179 3378 longe
190 3277 474 3354 vehementiores
490 3277 575 3352 sodli
593 3277 725 3352 suntin
743 3274 885 3370 Belgio,
910 3291 945 3347 et
958 3277 1162 3350 tumultuosa
1171 3276 1284 3352 Tem·

85 3370 1280 3484 plorumspoliatio,imaginum,etsrgnorumsacrorum,deslrud'sio,

86 3466 1061 3674 tltlttll?⁶tn,sltlltl²‘lttstns‘lmlsll:
1074 3469 1287 3650 illisis:

91 3660 317 3756 Qudeutelb
350 3659 459 3742 iuiuo
481 3683 502 3744 a
529 3656 977 3828 trastuKtssudonraropolia
993 3651 1046 3752 (S.
1072 3651 1216 3822 Other).
1248 3673 1288 3732 ur

726 3775 746 3852 3
842 3833 847 3841 Ι
1156 3765 1284 3848 urgttug
