<?xml version="1.0" encoding="UTF-8"?>
<!DOCTYPE html PUBLIC "-//W3C//DTD XHTML 1.0 Transitional//EN"
    "http://www.w3.org/TR/xhtml1/DTD/xhtml1-transitional.dtd">
<html xmlns="http://www.w3.org/1999/xhtml" xml:lang="en" lang="en">
 <head>
  <title>
</title>
<meta http-equiv="Content-Type" content="text/html;charset=utf-8" />
  <meta name='ocr-system' content='tesseract 3.04.00' />
  <meta name='ocr-capabilities' content='ocr_page ocr_carea ocr_par ocr_line ocrx_word'/>
</head>
<body>
  <div class='ocr_page' id='page_1' title='image "./hermannivenemai06venegoog/hermannivenemai06venegoog_0519.png"; bbox 0 0 3170 4430; ppageno 0'>
   <div class='ocr_carea' id='block_1_1' title="bbox 564 155 1302 295">
    <p class='ocr_par' dir='ltr' id='par_1_1' title="bbox 564 155 1302 295">
     <span class='ocr_line' id='line_1_1' title="bbox 564 155 1302 295; baseline 0 -31"><span class='ocrx_word' id='word_1_1' title='bbox 564 169 807 264; x_wconf 54' lang='lat' dir='ltr'>militm*</span> <span class='ocrx_word' id='word_1_2' title='bbox 980 155 1063 186; x_wconf 64' lang='grc'>’“</span> <span class='ocrx_word' id='word_1_3' title='bbox 1213 193 1302 295; x_wconf 64' lang='lat'>&#39;513</span> 
     </span>
    </p>
   </div>
   <div class='ocr_carea' id='block_1_2' title="bbox 11 357 1378 3344">
    <p class='ocr_par' dir='ltr' id='par_1_2' title="bbox 11 357 1378 3344">
     <span class='ocr_line' id='line_1_2' title="bbox 11 357 1292 458; baseline -0.002 -8"><span class='ocrx_word' id='word_1_4' title='bbox 11 372 23 417; x_wconf 77' lang='lat'>&#39;-</span> <span class='ocrx_word' id='word_1_5' title='bbox 78 393 136 450; x_wconf 84' lang='grc' dir='ltr'><strong>ιιι.</strong></span> <span class='ocrx_word' id='word_1_6' title='bbox 161 365 382 444; x_wconf 69' lang='lat' dir='ltr'>&amp;momente</span> <span class='ocrx_word' id='word_1_7' title='bbox 400 361 535 443; x_wconf 84' lang='lat' dir='ltr'>docent</span> <span class='ocrx_word' id='word_1_8' title='bbox 565 362 634 440; x_wconf 82' lang='lat' dir='ltr'>elle</span> <span class='ocrx_word' id='word_1_9' title='bbox 656 365 681 443; x_wconf 86' lang='lat' dir='ltr'>ss</span> <span class='ocrx_word' id='word_1_10' title='bbox 706 375 748 443; x_wconf 87' lang='lat' dir='ltr'>na</span> <span class='ocrx_word' id='word_1_11' title='bbox 769 361 944 458; x_wconf 48' lang='lat' dir='ltr'>loedoria</span> <span class='ocrx_word' id='word_1_12' title='bbox 976 379 1014 442; x_wconf 89' lang='lat' dir='ltr'>et</span> <span class='ocrx_word' id='word_1_13' title='bbox 1043 357 1184 446; x_wconf 82' lang='lat' dir='ltr'>lell&#39;erat</span> <span class='ocrx_word' id='word_1_14' title='bbox 1203 380 1292 458; x_wconf 76' lang='lat' dir='ltr'>con-j</span> 
     </span>
     <span class='ocr_line' id='line_1_3' title="bbox 11 389 1285 561; baseline -0.004 -14"><span class='ocrx_word' id='word_1_15' title='bbox 11 471 21 516; x_wconf 72' lang='lat'><em>³</em></span> <span class='ocrx_word' id='word_1_16' title='bbox 77 465 227 547; x_wconf 77' lang='lat' dir='ltr'>feffionit</span> <span class='ocrx_word' id='word_1_17' title='bbox 267 460 411 539; x_wconf 85' lang='lat' dir='ltr'>nostrae.</span> <span class='ocrx_word' id='word_1_18' title='bbox 470 389 794 561; x_wconf 64' lang='lat' dir='ltr'>Paedobeptiimum</span> <span class='ocrx_word' id='word_1_19' title='bbox 831 459 997 560; x_wconf 84' lang='lat' dir='ltr'>rejiciunt</span> <span class='ocrx_word' id='word_1_20' title='bbox 1027 485 1067 541; x_wconf 89' lang='grc' dir='ltr'>ιι</span> <span class='ocrx_word' id='word_1_21' title='bbox 1098 465 1285 561; x_wconf 86' lang='lat' dir='ltr'>inutilem,</span> 
     </span>
     <span class='ocr_line' id='line_1_4' title="bbox 78 555 1290 651; baseline -0.002 -8"><span class='ocrx_word' id='word_1_22' title='bbox 78 583 115 643; x_wconf 89' lang='lat' dir='ltr'>et</span> <span class='ocrx_word' id='word_1_23' title='bbox 145 559 275 640; x_wconf 85' lang='lat' dir='ltr'>Christi</span> <span class='ocrx_word' id='word_1_24' title='bbox 306 555 524 640; x_wconf 84' lang='lat' dir='ltr'>institutioni</span> <span class='ocrx_word' id='word_1_25' title='bbox 555 560 666 636; x_wconf 82' lang='lat' dir='ltr'>minut</span> <span class='ocrx_word' id='word_1_26' title='bbox 698 559 988 651; x_wconf 86' lang='lat' dir='ltr'>convenientem,</span> <span class='ocrx_word' id='word_1_27' title='bbox 1020 583 1100 638; x_wconf 88' lang='lat' dir='ltr'>cum</span> <span class='ocrx_word' id='word_1_28' title='bbox 1134 564 1290 642; x_wconf 72' lang='lat' dir='ltr'>infante·</span> 
     </span>
     <span class='ocr_line' id='line_1_5' title="bbox 13 654 1291 754; baseline -0.005 -12"><span class='ocrx_word' id='word_1_29' title='bbox 13 659 24 706; x_wconf 78' lang='lat'>³</span> <span class='ocrx_word' id='word_1_30' title='bbox 76 683 143 742; x_wconf 89' lang='lat' dir='ltr'>nec</span> <span class='ocrx_word' id='word_1_31' title='bbox 162 661 325 746; x_wconf 87' lang='lat' dir='ltr'>credere,</span> <span class='ocrx_word' id='word_1_32' title='bbox 349 677 416 732; x_wconf 89' lang='lat' dir='ltr'>nec</span> <span class='ocrx_word' id='word_1_33' title='bbox 432 654 537 732; x_wconf 85' lang='lat' dir='ltr'>fidem</span> <span class='ocrx_word' id='word_1_34' title='bbox 553 657 738 754; x_wconf 87' lang='lat' dir='ltr'>profiteri,</span> <span class='ocrx_word' id='word_1_35' title='bbox 763 655 914 753; x_wconf 80' lang='lat' dir='ltr'>ponunt</span> <span class='ocrx_word' id='word_1_36' title='bbox 960 659 1046 735; x_wconf 84' lang='lat' dir='ltr'>Sunt</span> <span class='ocrx_word' id='word_1_37' title='bbox 1063 680 1177 735; x_wconf 88' lang='lat' dir='ltr'>tamen</span> <span class='ocrx_word' id='word_1_38' title='bbox 1195 660 1291 736; x_wconf 88' lang='lat' dir='ltr'>inter</span> 
     </span>
     <span class='ocr_line' id='line_1_6' title="bbox 11 752 1378 858; baseline -0.004 -22"><span class='ocrx_word' id='word_1_39' title='bbox 11 763 22 808; x_wconf 76' lang='grc' dir='ltr'>ῑ·</span> <span class='ocrx_word' id='word_1_40' title='bbox 79 759 191 858; x_wconf 87' lang='lat' dir='ltr'>ipsot,</span> <span class='ocrx_word' id='word_1_41' title='bbox 219 754 280 854; x_wconf 89' lang='lat' dir='ltr'>qui</span> <span class='ocrx_word' id='word_1_42' title='bbox 298 752 373 827; x_wconf 88' lang='lat' dir='ltr'>fere</span> <span class='ocrx_word' id='word_1_43' title='bbox 388 771 532 858; x_wconf 75' lang='lat' dir='ltr'>putant,</span> <span class='ocrx_word' id='word_1_44' title='bbox 547 754 634 829; x_wconf 84' lang='lat' dir='ltr'>adia</span> <span class='ocrx_word' id='word_1_45' title='bbox 660 755 782 830; x_wconf 91' lang='lat' dir='ltr'>horum</span> <span class='ocrx_word' id='word_1_46' title='bbox 799 752 889 846; x_wconf 82' lang='lat' dir='ltr'>effe,</span> <span class='ocrx_word' id='word_1_47' title='bbox 914 754 1059 832; x_wconf 75' lang='lat' dir='ltr'>simodo</span> <span class='ocrx_word' id='word_1_48' title='bbox 1075 755 1177 852; x_wconf 80' lang='lat' dir='ltr'>elicui</span> <span class='ocrx_word' id='word_1_49' title='bbox 1193 757 1291 832; x_wconf 85' lang='lat' dir='ltr'>aedi·</span> <span class='ocrx_word' id='word_1_50' title='bbox 1376 813 1378 818; x_wconf 76' lang='lat'>.</span> 
     </span>
     <span class='ocr_line' id='line_1_7' title="bbox 17 849 1290 952; baseline -0.005 -18"><span class='ocrx_word' id='word_1_51' title='bbox 17 887 24 900; x_wconf 70' lang='grc'><strong><em>’</em></strong></span> <span class='ocrx_word' id='word_1_52' title='bbox 79 855 232 934; x_wconf 79' lang='lat' dir='ltr'>ficarioni</span> <span class='ocrx_word' id='word_1_53' title='bbox 267 849 439 925; x_wconf 86' lang='lat' dir='ltr'>inservire</span> <span class='ocrx_word' id='word_1_54' title='bbox 468 851 582 946; x_wconf 86' lang='lat' dir='ltr'>polilt.</span> <span class='ocrx_word' id='word_1_55' title='bbox 677 851 762 926; x_wconf 89' lang='lat' dir='ltr'>det</span> <span class='ocrx_word' id='word_1_56' title='bbox 785 849 884 942; x_wconf 90' lang='lat' dir='ltr'>sunt,</span> <span class='ocrx_word' id='word_1_57' title='bbox 919 850 979 948; x_wconf 89' lang='lat' dir='ltr'>qui</span> <span class='ocrx_word' id='word_1_58' title='bbox 1005 872 1149 948; x_wconf 86' lang='lat' dir='ltr'>putant,</span> <span class='ocrx_word' id='word_1_59' title='bbox 1173 853 1290 952; x_wconf 84' lang='lat' dir='ltr'>ipsunt</span> 
     </span>
     <span class='ocr_line' id='line_1_8' title="bbox 13 945 1292 1048; baseline -0.002 -23"><span class='ocrx_word' id='word_1_60' title='bbox 13 985 22 1002; x_wconf 51' lang='grc' dir='ltr'>ι·</span> <span class='ocrx_word' id='word_1_61' title='bbox 79 950 285 1048; x_wconf 88' lang='lat' dir='ltr'>baptismum</span> <span class='ocrx_word' id='word_1_62' title='bbox 316 945 386 1042; x_wconf 86' lang='lat' dir='ltr'>jam</span> <span class='ocrx_word' id='word_1_63' title='bbox 424 970 496 1020; x_wconf 90' lang='lat' dir='ltr'>non</span> <span class='ocrx_word' id='word_1_64' title='bbox 529 946 671 1044; x_wconf 85' lang='lat' dir='ltr'>amplius</span> <span class='ocrx_word' id='word_1_65' title='bbox 699 945 892 1044; x_wconf 87' lang='lat' dir='ltr'>urgendum</span> <span class='ocrx_word' id='word_1_66' title='bbox 917 945 1009 1040; x_wconf 86' lang='lat' dir='ltr'>esse,</span> <span class='ocrx_word' id='word_1_67' title='bbox 1043 969 1203 1048; x_wconf 82' lang='lat' dir='ltr'>tanquam</span> <span class='ocrx_word' id='word_1_68' title='bbox 1227 971 1292 1024; x_wconf 91' lang='lat' dir='ltr'>ne·</span> 
     </span>
     <span class='ocr_line' id='line_1_9' title="bbox 11 1041 1313 1134; baseline -0.002 -11"><span class='ocrx_word' id='word_1_69' title='bbox 11 1053 19 1102; x_wconf 68' lang='grc'>(</span> <span class='ocrx_word' id='word_1_70' title='bbox 80 1047 283 1134; x_wconf 83' lang='lat' dir='ltr'>cellarium,</span> <span class='ocrx_word' id='word_1_71' title='bbox 315 1065 394 1118; x_wconf 89' lang='lat' dir='ltr'>cum</span> <span class='ocrx_word' id='word_1_72' title='bbox 429 1042 556 1116; x_wconf 86' lang='lat' dir='ltr'>Chrilli</span> <span class='ocrx_word' id='word_1_73' title='bbox 592 1065 689 1117; x_wconf 83' lang='lat' dir='ltr'>mens</span> <span class='ocrx_word' id='word_1_74' title='bbox 718 1041 825 1117; x_wconf 83' lang='lat' dir='ltr'>fuerit</span> <span class='ocrx_word' id='word_1_75' title='bbox 855 1062 989 1120; x_wconf 88' lang='lat' dir='ltr'>tantum</span> <span class='ocrx_word' id='word_1_76' title='bbox 1021 1047 1115 1121; x_wconf 85' lang='lat' dir='ltr'>circa</span> <span class='ocrx_word' id='word_1_77' title='bbox 1149 1045 1313 1132; x_wconf 69' lang='lat' dir='ltr'>initium,</span> 
     </span>
     <span class='ocr_line' id='line_1_10' title="bbox 11 1137 1296 1236; baseline -0.004 -17"><span class='ocrx_word' id='word_1_78' title='bbox 11 1147 24 1200; x_wconf 87' lang='lat'>:·</span> <span class='ocrx_word' id='word_1_79' title='bbox 78 1143 253 1219; x_wconf 82' lang='lat' dir='ltr'>Eccleliae</span> <span class='ocrx_word' id='word_1_80' title='bbox 281 1137 495 1212; x_wconf 82' lang='lat' dir='ltr'>Christianae</span> <span class='ocrx_word' id='word_1_81' title='bbox 520 1139 625 1213; x_wconf 84' lang='lat' dir='ltr'>ritum</span> <span class='ocrx_word' id='word_1_82' title='bbox 650 1140 743 1213; x_wconf 86' lang='lat' dir='ltr'>hunc</span> <span class='ocrx_word' id='word_1_83' title='bbox 770 1137 836 1212; x_wconf 86' lang='lat' dir='ltr'>suis</span> <span class='ocrx_word' id='word_1_84' title='bbox 866 1140 1112 1236; x_wconf 80' lang='lat' dir='ltr'>praescribere.</span> <span class='ocrx_word' id='word_1_85' title='bbox 1152 1143 1187 1216; x_wconf 87' lang='lat' dir='ltr'>S.</span> <span class='ocrx_word' id='word_1_86' title='bbox 1211 1163 1296 1216; x_wconf 88' lang='lat' dir='ltr'>coe·</span> 
     </span>
     <span class='ocr_line' id='line_1_11' title="bbox 11 1235 1294 1326; baseline -0.003 -10"><span class='ocrx_word' id='word_1_87' title='bbox 11 1291 16 1294; x_wconf 95' lang='lat'>-</span> <span class='ocrx_word' id='word_1_88' title='bbox 81 1265 159 1316; x_wconf 90' lang='lat' dir='ltr'>nam</span> <span class='ocrx_word' id='word_1_89' title='bbox 192 1240 343 1326; x_wconf 85' lang='lat' dir='ltr'><strong>docent,</strong></span> <span class='ocrx_word' id='word_1_90' title='bbox 367 1255 501 1307; x_wconf 85' lang='lat' dir='ltr'>tautum</span> <span class='ocrx_word' id='word_1_91' title='bbox 531 1239 572 1307; x_wconf 91' lang='lat' dir='ltr'>ad</span> <span class='ocrx_word' id='word_1_92' title='bbox 606 1240 979 1310; x_wconf 78' lang='lat' dir='ltr'>commemorationem</span> <span class='ocrx_word' id='word_1_93' title='bbox 1014 1236 1138 1311; x_wconf 75' lang='lat' dir='ltr'>mortis</span> <span class='ocrx_word' id='word_1_94' title='bbox 1162 1235 1294 1312; x_wconf 83' lang='lat' dir='ltr'>Christi</span> 
     </span>
     <span class='ocr_line' id='line_1_12' title="bbox 16 1331 1297 1430; baseline -0.003 -19"><span class='ocrx_word' id='word_1_95' title='bbox 16 1381 20 1426; x_wconf 71' lang='lat' dir='ltr'><strong><em>f</em></strong></span> <span class='ocrx_word' id='word_1_96' title='bbox 79 1334 147 1411; x_wconf 83' lang='lat' dir='ltr'>elle</span> <span class='ocrx_word' id='word_1_97' title='bbox 175 1331 390 1417; x_wconf 84' lang='lat' dir='ltr'>institutam,</span> <span class='ocrx_word' id='word_1_98' title='bbox 417 1332 464 1404; x_wconf 90' lang='lat' dir='ltr'>ita</span> <span class='ocrx_word' id='word_1_99' title='bbox 497 1351 534 1402; x_wconf 91' lang='lat' dir='ltr'>ut</span> <span class='ocrx_word' id='word_1_100' title='bbox 559 1331 745 1421; x_wconf 86' lang='lat' dir='ltr'>beneficia,</span> <span class='ocrx_word' id='word_1_101' title='bbox 770 1333 813 1403; x_wconf 88' lang='lat' dir='ltr'>ab</span> <span class='ocrx_word' id='word_1_102' title='bbox 839 1332 916 1428; x_wconf 83' lang='lat' dir='ltr'>ipso</span> <span class='ocrx_word' id='word_1_103' title='bbox 941 1353 1108 1430; x_wconf 81' lang='lat' dir='ltr'>accepta,</span> <span class='ocrx_word' id='word_1_104' title='bbox 1133 1331 1198 1407; x_wconf 77' lang='lat' dir='ltr'>sint</span> <span class='ocrx_word' id='word_1_105' title='bbox 1223 1333 1297 1406; x_wconf 92' lang='lat' dir='ltr'>illic</span> 
     </span>
     <span class='ocr_line' id='line_1_13' title="bbox 11 1426 1302 1518; baseline -0.003 -12"><span class='ocrx_word' id='word_1_106' title='bbox 11 1437 22 1492; x_wconf 78' lang='lat'>1&#39;</span> <span class='ocrx_word' id='word_1_107' title='bbox 80 1431 264 1506; x_wconf 83' lang='lat' dir='ltr'>recolenda</span> <span class='ocrx_word' id='word_1_108' title='bbox 287 1447 323 1500; x_wconf 86' lang='lat' dir='ltr'>et</span> <span class='ocrx_word' id='word_1_109' title='bbox 348 1426 551 1500; x_wconf 84' lang='lat' dir='ltr'>celebranda</span> <span class='ocrx_word' id='word_1_110' title='bbox 576 1428 774 1515; x_wconf 86' lang='lat' dir='ltr'>solenniter,</span> <span class='ocrx_word' id='word_1_111' title='bbox 801 1447 872 1502; x_wconf 90' lang='lat' dir='ltr'>non</span> <span class='ocrx_word' id='word_1_112' title='bbox 898 1449 1035 1518; x_wconf 87' lang='lat' dir='ltr'>autem,</span> <span class='ocrx_word' id='word_1_113' title='bbox 1065 1428 1160 1504; x_wconf 88' lang='lat' dir='ltr'>utin</span> <span class='ocrx_word' id='word_1_114' title='bbox 1185 1427 1302 1502; x_wconf 75' lang='lat' dir='ltr'>eaali·</span> 
     </span>
     <span class='ocr_line' id='line_1_14' title="bbox 16 1521 1299 1626; baseline -0.002 -24"><span class='ocrx_word' id='word_1_115' title='bbox 16 1570 22 1583; x_wconf 32' lang='grc' dir='ltr'>ι’</span> <span class='ocrx_word' id='word_1_116' title='bbox 80 1529 163 1626; x_wconf 90' lang='lat' dir='ltr'>quid</span> <span class='ocrx_word' id='word_1_117' title='bbox 189 1521 275 1598; x_wconf 91' lang='lat' dir='ltr'>novi</span> <span class='ocrx_word' id='word_1_118' title='bbox 298 1524 530 1616; x_wconf 84' lang='lat' dir='ltr'>accipiamus,</span> <span class='ocrx_word' id='word_1_119' title='bbox 558 1545 671 1619; x_wconf 89' lang='lat' dir='ltr'>neque</span> <span class='ocrx_word' id='word_1_120' title='bbox 694 1523 822 1610; x_wconf 86' lang='lat' dir='ltr'>etiam,</span> <span class='ocrx_word' id='word_1_121' title='bbox 849 1542 888 1595; x_wconf 86' lang='grc' dir='ltr'>ιιι</span> <span class='ocrx_word' id='word_1_122' title='bbox 913 1525 1041 1620; x_wconf 89' lang='lat' dir='ltr'>aliquid</span> <span class='ocrx_word' id='word_1_123' title='bbox 1065 1524 1102 1599; x_wconf 92' lang='lat' dir='ltr'>in</span> <span class='ocrx_word' id='word_1_124' title='bbox 1128 1548 1167 1598; x_wconf 84' lang='lat' dir='ltr'>ea</span> <span class='ocrx_word' id='word_1_125' title='bbox 1191 1525 1299 1601; x_wconf 77' lang='lat' dir='ltr'>nobit</span> 
     </span>
     <span class='ocr_line' id='line_1_15' title="bbox 11 1615 1298 1717; baseline -0.003 -19"><span class='ocrx_word' id='word_1_126' title='bbox 11 1669 19 1686; x_wconf 77' lang='lat'>.·</span> <span class='ocrx_word' id='word_1_127' title='bbox 81 1623 295 1717; x_wconf 86' lang='lat' dir='ltr'>obfignetur.</span> <span class='ocrx_word' id='word_1_128' title='bbox 344 1619 545 1711; x_wconf 88' lang='lat' dir='ltr'>Repudiant</span> <span class='ocrx_word' id='word_1_129' title='bbox 576 1635 692 1689; x_wconf 86' lang='lat' dir='ltr'>autem</span> <span class='ocrx_word' id='word_1_130' title='bbox 724 1615 912 1712; x_wconf 85' lang='lat' dir='ltr'>opiniouet</span> <span class='ocrx_word' id='word_1_131' title='bbox 944 1621 989 1692; x_wconf 92' lang='lat' dir='ltr'>de</span> <span class='ocrx_word' id='word_1_132' title='bbox 1022 1617 1218 1713; x_wconf 81' lang='lat' dir='ltr'>praesentia</span> <span class='ocrx_word' id='word_1_133' title='bbox 1254 1642 1298 1694; x_wconf 90' lang='lat' dir='ltr'>ac</span> 
     </span>
     <span class='ocr_line' id='line_1_16' title="bbox 15 1709 1301 1816; baseline -0.003 -25"><span class='ocrx_word' id='word_1_134' title='bbox 15 1769 19 1776; x_wconf 83' lang='lat'><em>·</em></span> <span class='ocrx_word' id='word_1_135' title='bbox 80 1715 317 1816; x_wconf 86' lang='lat' dir='ltr'>perceptione</span> <span class='ocrx_word' id='word_1_136' title='bbox 358 1712 519 1806; x_wconf 82' lang='lat' dir='ltr'>corporis</span> <span class='ocrx_word' id='word_1_137' title='bbox 550 1711 677 1785; x_wconf 88' lang='lat' dir='ltr'>Christi</span> <span class='ocrx_word' id='word_1_138' title='bbox 711 1733 752 1784; x_wconf 88' lang='lat' dir='ltr'>ac</span> <span class='ocrx_word' id='word_1_139' title='bbox 785 1709 958 1807; x_wconf 70' lang='lat' dir='ltr'>sanguinis</span> <span class='ocrx_word' id='word_1_140' title='bbox 993 1711 1032 1786; x_wconf 91' lang='lat' dir='ltr'>in</span> <span class='ocrx_word' id='word_1_141' title='bbox 1063 1732 1197 1808; x_wconf 71' lang='lat' dir='ltr'>coena,¹</span> <span class='ocrx_word' id='word_1_142' title='bbox 1219 1711 1301 1790; x_wconf 85' lang='lat' dir='ltr'>¹live</span> 
     </span>
     <span class='ocr_line' id='line_1_17' title="bbox 11 1803 1289 1908; baseline -0.01 -19"><span class='ocrx_word' id='word_1_143' title='bbox 11 1836 19 1876; x_wconf 85' lang='grc' dir='ltr'>ῑ-</span> <span class='ocrx_word' id='word_1_144' title='bbox 80 1811 278 1908; x_wconf 76' lang='lat' dir='ltr'>corporalis</span> <span class='ocrx_word' id='word_1_145' title='bbox 303 1827 346 1879; x_wconf 88' lang='lat' dir='ltr'>ea</span> <span class='ocrx_word' id='word_1_146' title='bbox 369 1805 539 1896; x_wconf 77' lang='lat' dir='ltr'>fingatur,</span> <span class='ocrx_word' id='word_1_147' title='bbox 564 1805 638 1880; x_wconf 86' lang='lat' dir='ltr'>five</span> <span class='ocrx_word' id='word_1_148' title='bbox 661 1803 866 1898; x_wconf 78' lang='lat' dir='ltr'>spiritualis.</span> <span class='ocrx_word' id='word_1_149' title='bbox 939 1875 943 1884; x_wconf 76' lang='grc'>,</span> <span class='ocrx_word' id='word_1_150' title='bbox 1103 1812 1108 1837; x_wconf 79' lang='lat'><em>¹</em></span> <span class='ocrx_word' id='word_1_151' title='bbox 1169 1834 1198 1844; x_wconf 50' lang='lat'>¹·</span> <span class='ocrx_word' id='word_1_152' title='bbox 1284 1820 1289 1845; x_wconf 60' lang='lat'><em>1</em></span> 
     </span>
     <span class='ocr_line' id='line_1_18' title="bbox 130 1895 1305 2007; baseline 0 -30"><span class='ocrx_word' id='word_1_153' title='bbox 130 1909 164 2007; x_wconf 49' lang='grc' dir='ltr'>ᾗ.</span> <span class='ocrx_word' id='word_1_154' title='bbox 192 1905 293 1977; x_wconf 66' lang='lat' dir='ltr'>Dru.</span> <span class='ocrx_word' id='word_1_155' title='bbox 324 1923 378 1974; x_wconf 85' lang='grc' dir='ltr'>ιι.</span> <span class='ocrx_word' id='word_1_156' title='bbox 403 1897 597 1974; x_wconf 83' lang='lat' dir='ltr'>Christiano</span> <span class='ocrx_word' id='word_1_157' title='bbox 621 1901 761 2000; x_wconf 89' lang='lat' dir='ltr'>quidem</span> <span class='ocrx_word' id='word_1_158' title='bbox 786 1898 1004 1994; x_wconf 86' lang='lat' dir='ltr'>permittunt</span> <span class='ocrx_word' id='word_1_159' title='bbox 1024 1895 1158 1998; x_wconf 79' lang='lat' dir='ltr'>gerere</span> <span class='ocrx_word' id='word_1_160' title='bbox 1179 1900 1305 2000; x_wconf 76' lang='lat' dir='ltr'>Mugi-¹</span> 
     </span>
     <span class='ocr_line' id='line_1_19' title="bbox 77 1989 1303 2105; baseline -0.007 -26"><span class='ocrx_word' id='word_1_161' title='bbox 77 2003 251 2086; x_wconf 76' lang='lat' dir='ltr'>litatum,</span> <span class='ocrx_word' id='word_1_162' title='bbox 279 1996 384 2068; x_wconf 78' lang='lat' dir='ltr'>mono</span> <span class='ocrx_word' id='word_1_163' title='bbox 410 2017 482 2070; x_wconf 90' lang='lat' dir='ltr'>uon</span> <span class='ocrx_word' id='word_1_164' title='bbox 510 2011 622 2068; x_wconf 81' lang='lat' dir='ltr'>utatur</span> <span class='ocrx_word' id='word_1_165' title='bbox 643 1997 758 2093; x_wconf 82' lang='lat' dir='ltr'>gladio</span> <span class='ocrx_word' id='word_1_166' title='bbox 781 1995 823 2068; x_wconf 91' lang='lat' dir='ltr'>ad</span> <span class='ocrx_word' id='word_1_167' title='bbox 844 1989 1057 2083; x_wconf 71' lang='lat' dir='ltr'>fundendum</span> <span class='ocrx_word' id='word_1_168' title='bbox 1073 1993 1303 2105; x_wconf 66' lang='lat' dir='ltr'>sanguinem}</span> 
     </span>
     <span class='ocr_line' id='line_1_20' title="bbox 39 2089 1304 2192; baseline -0.006 -15"><span class='ocrx_word' id='word_1_169' title='bbox 39 2091 47 2108; x_wconf 82' lang='lat'>&#39;</span> <span class='ocrx_word' id='word_1_170' title='bbox 83 2120 183 2176; x_wconf 87' lang='lat' dir='ltr'>extra</span> <span class='ocrx_word' id='word_1_171' title='bbox 210 2091 398 2192; x_wconf 74' lang='lat' dir='ltr'>Ecclesiam</span> <span class='ocrx_word' id='word_1_172' title='bbox 422 2091 610 2167; x_wconf 78' lang='lat' dir='ltr'>statuentes</span> <span class='ocrx_word' id='word_1_173' title='bbox 635 2091 704 2166; x_wconf 86' lang='lat' dir='ltr'>elle</span> <span class='ocrx_word' id='word_1_174' title='bbox 728 2089 976 2186; x_wconf 86' lang='lat' dir='ltr'>usum-gladii:</span> <span class='ocrx_word' id='word_1_175' title='bbox 1010 2091 1140 2167; x_wconf 83' lang='lat' dir='ltr'>deinde</span> <span class='ocrx_word' id='word_1_176' title='bbox 1166 2110 1239 2170; x_wconf 88' lang='lat' dir='ltr'>non</span> <span class='ocrx_word' id='word_1_177' title='bbox 1259 2093 1304 2169; x_wconf 88' lang='lat' dir='ltr'>li·</span> 
     </span>
     <span class='ocr_line' id='line_1_21' title="bbox 12 2185 1302 2283; baseline -0.005 -10"><span class='ocrx_word' id='word_1_178' title='bbox 12 2221 13 2226; x_wconf 72' lang='grc'>’</span> <span class='ocrx_word' id='word_1_179' title='bbox 83 2219 167 2274; x_wconf 91' lang='lat' dir='ltr'>cere</span> <span class='ocrx_word' id='word_1_180' title='bbox 203 2189 369 2267; x_wconf 85' lang='lat' dir='ltr'>fratribus</span> <span class='ocrx_word' id='word_1_181' title='bbox 400 2185 533 2260; x_wconf 89' lang='lat' dir='ltr'>docent</span> <span class='ocrx_word' id='word_1_182' title='bbox 563 2210 683 2262; x_wconf 86' lang='lat' dir='ltr'>coram</span> <span class='ocrx_word' id='word_1_183' title='bbox 720 2185 932 2283; x_wconf 73' lang='lat' dir='ltr'>Magistrum</span> <span class='ocrx_word' id='word_1_184' title='bbox 967 2187 1302 2278; x_wconf 83' lang='lat' dir='ltr'>contendere,·nili</span> 
     </span>
     <span class='ocr_line' id='line_1_22' title="bbox 83 2282 1302 2384; baseline -0.003 -17"><span class='ocrx_word' id='word_1_185' title='bbox 83 2295 189 2370; x_wconf 81' lang='lat' dir='ltr'>altera</span> <span class='ocrx_word' id='word_1_186' title='bbox 213 2307 291 2384; x_wconf 82' lang='lat' dir='ltr'>pars</span> <span class='ocrx_word' id='word_1_187' title='bbox 315 2282 355 2356; x_wconf 88' lang='lat' dir='ltr'>fit</span> <span class='ocrx_word' id='word_1_188' title='bbox 379 2301 478 2356; x_wconf 84' lang='lat' dir='ltr'>extra</span> <span class='ocrx_word' id='word_1_189' title='bbox 501 2282 712 2371; x_wconf 77' lang='lat' dir='ltr'>Ecclesiam,</span> <span class='ocrx_word' id='word_1_190' title='bbox 738 2302 775 2356; x_wconf 91' lang='lat' dir='ltr'>et</span> <span class='ocrx_word' id='word_1_191' title='bbox 799 2284 824 2357; x_wconf 87' lang='lat' dir='ltr'>sr</span> <span class='ocrx_word' id='word_1_192' title='bbox 847 2283 981 2358; x_wconf 83' lang='lat' dir='ltr'>animus</span> <span class='ocrx_word' id='word_1_193' title='bbox 997 2283 1083 2360; x_wconf 78' lang='lat' dir='ltr'>absit</span> <span class='ocrx_word' id='word_1_194' title='bbox 1099 2283 1302 2364; x_wconf 84' lang='lat' dir='ltr'>ulciscendi.</span> 
     </span>
     <span class='ocr_line' id='line_1_23' title="bbox 11 2378 1306 2488; baseline -0.005 -26"><span class='ocrx_word' id='word_1_195' title='bbox 11 2410 13 2450; x_wconf 71' lang='lat'>⁷</span> <span class='ocrx_word' id='word_1_196' title='bbox 87 2393 221 2464; x_wconf 83' lang='lat' dir='ltr'>Poenas</span> <span class='ocrx_word' id='word_1_197' title='bbox 248 2380 417 2488; x_wconf 68' lang='lat' dir='ltr'>capitales</span> <span class='ocrx_word' id='word_1_198' title='bbox 445 2378 530 2452; x_wconf 90' lang='lat' dir='ltr'>licet</span> <span class='ocrx_word' id='word_1_199' title='bbox 562 2401 633 2454; x_wconf 89' lang='lat' dir='ltr'>non</span> <span class='ocrx_word' id='word_1_200' title='bbox 665 2379 947 2474; x_wconf 59' lang='lat' dir='ltr'>inprobentusiu</span> <span class='ocrx_word' id='word_1_201' title='bbox 971 2379 1135 2455; x_wconf 82' lang='lat' dir='ltr'>o&#39;ur&#39;nibut</span> <span class='ocrx_word' id='word_1_202' title='bbox 1167 2379 1306 2467; x_wconf 60' lang='lat' dir='ltr'>delituit</span> 
     </span>
     <span class='ocr_line' id='line_1_24' title="bbox 85 2473 1306 2574; baseline -0.005 -14"><span class='ocrx_word' id='word_1_203' title='bbox 85 2500 224 2570; x_wconf 85' lang='lat' dir='ltr'>tamen,</span> <span class='ocrx_word' id='word_1_204' title='bbox 257 2497 296 2551; x_wconf 91' lang='lat' dir='ltr'>ut</span> <span class='ocrx_word' id='word_1_205' title='bbox 331 2493 367 2546; x_wconf 89' lang='lat' dir='ltr'>rn</span> <span class='ocrx_word' id='word_1_206' title='bbox 397 2473 553 2562; x_wconf 77' lang='lat' dir='ltr'>furibus,</span> <span class='ocrx_word' id='word_1_207' title='bbox 583 2473 730 2548; x_wconf 88' lang='lat' dir='ltr'>minime</span> <span class='ocrx_word' id='word_1_208' title='bbox 752 2475 965 2565; x_wconf 67' lang='lat' dir='ltr'>admittunt}</span> <span class='ocrx_word' id='word_1_209' title='bbox 1018 2475 1164 2551; x_wconf 66' lang='lat' dir='ltr'>nonalia</span> <span class='ocrx_word' id='word_1_210' title='bbox 1189 2476 1306 2574; x_wconf 75' lang='lat' dir='ltr'>poena</span> 
     </span>
     <span class='ocr_line' id='line_1_25' title="bbox 85 2499 1305 2670; baseline -0.007 -14"><span class='ocrx_word' id='word_1_211' title='bbox 85 2580 223 2656; x_wconf 89' lang='lat' dir='ltr'>leviore</span> <span class='ocrx_word' id='word_1_212' title='bbox 250 2569 351 2644; x_wconf 84' lang='lat' dir='ltr'>adlici</span> <span class='ocrx_word' id='word_1_213' title='bbox 376 2570 525 2641; x_wconf 76' lang='lat' dir='ltr'>volunt·</span> <span class='ocrx_word' id='word_1_214' title='bbox 564 2581 618 2642; x_wconf 80' lang='lat' dir='ltr'>nn.</span> <span class='ocrx_word' id='word_1_215' title='bbox 644 2569 843 2665; x_wconf 82' lang='lat' dir='ltr'>Juramenta</span> <span class='ocrx_word' id='word_1_216' title='bbox 866 2499 1191 2670; x_wconf 49' lang='lat' dir='ltr'>minucium-elie</span> <span class='ocrx_word' id='word_1_217' title='bbox 1216 2576 1305 2648; x_wconf 60' lang='lat' dir='ltr'>tonh</span> 
     </span>
     <span class='ocr_line' id='line_1_26' title="bbox 84 2662 1308 2764; baseline -0.009 -12"><span class='ocrx_word' id='word_1_218' title='bbox 84 2675 212 2752; x_wconf 82' lang='lat' dir='ltr'>cedunt</span> <span class='ocrx_word' id='word_1_219' title='bbox 244 2672 282 2747; x_wconf 89' lang='lat' dir='ltr'>in</span> <span class='ocrx_word' id='word_1_220' title='bbox 315 2665 426 2740; x_wconf 85' lang='lat' dir='ltr'>Novo</span> <span class='ocrx_word' id='word_1_221' title='bbox 463 2662 581 2753; x_wconf 67' lang='lat' dir='ltr'>Tell,</span> <span class='ocrx_word' id='word_1_222' title='bbox 616 2665 826 2758; x_wconf 64' lang='lat' dir='ltr'>quaenunt</span> <span class='ocrx_word' id='word_1_223' title='bbox 856 2665 921 2739; x_wconf 47' lang='lat' dir='ltr'>de*</span> <span class='ocrx_word' id='word_1_224' title='bbox 941 2668 1044 2745; x_wconf 86' lang='lat' dir='ltr'>rebus</span> <span class='ocrx_word' id='word_1_225' title='bbox 1067 2668 1308 2764; x_wconf 53' lang='lat' dir='ltr'>&#39;prae&#39;te‘ritlel&#39;</span> 
     </span>
     <span class='ocr_line' id='line_1_27' title="bbox 85 2756 1307 2861; baseline -0.007 -12"><span class='ocrx_word' id='word_1_226' title='bbox 85 2775 124 2849; x_wconf 88' lang='lat' dir='ltr'>ad</span> <span class='ocrx_word' id='word_1_227' title='bbox 152 2769 222 2844; x_wconf 91' lang='lat' dir='ltr'>Dei</span> <span class='ocrx_word' id='word_1_228' title='bbox 254 2759 400 2861; x_wconf 84' lang='lat' dir='ltr'>gloriam</span> <span class='ocrx_word' id='word_1_229' title='bbox 420 2757 699 2853; x_wconf 82' lang='lat' dir='ltr'>pertinentibus,</span> <span class='ocrx_word' id='word_1_230' title='bbox 722 2756 903 2858; x_wconf 82' lang='lat' dir='ltr'>inquibus</span> <span class='ocrx_word' id='word_1_231' title='bbox 926 2761 1098 2836; x_wconf 67' lang='lat' dir='ltr'>fallimur*</span> <span class='ocrx_word' id='word_1_232' title='bbox 1133 2761 1307 2858; x_wconf 76' lang='lat' dir='ltr'>ollamus,</span> 
     </span>
     <span class='ocr_line' id='line_1_28' title="bbox 85 2787 1306 2948; baseline -0.006 -7"><span class='ocrx_word' id='word_1_233' title='bbox 85 2891 149 2942; x_wconf 89' lang='lat' dir='ltr'>nec</span> <span class='ocrx_word' id='word_1_234' title='bbox 174 2887 228 2938; x_wconf 81' lang='lat' dir='ltr'>res</span> <span class='ocrx_word' id='word_1_235' title='bbox 259 2853 602 2947; x_wconf 71' lang='lat' dir='ltr'>nostrarspetlamus.</span> <span class='ocrx_word' id='word_1_236' title='bbox 653 2877 709 2948; x_wconf 85' lang='lat'>13.</span> <span class='ocrx_word' id='word_1_237' title='bbox 735 2859 887 2946; x_wconf 84' lang='lat' dir='ltr'>Bellum,</span> <span class='ocrx_word' id='word_1_238' title='bbox 915 2857 988 2932; x_wconf 89' lang='lat' dir='ltr'>srve</span> <span class='ocrx_word' id='word_1_239' title='bbox 1005 2787 1214 2934; x_wconf 68' lang='lat' dir='ltr'>offeuii&#39;vum‘</span> <span class='ocrx_word' id='word_1_240' title='bbox 1233 2859 1306 2936; x_wconf 84' lang='lat' dir='ltr'>live</span> 
     </span>
     <span class='ocr_line' id='line_1_29' title="bbox 87 2947 1309 3052; baseline -0.007 -14"><span class='ocrx_word' id='word_1_241' title='bbox 87 2962 328 3044; x_wconf 67' lang='lat' dir='ltr'>delenitum,</span> <span class='ocrx_word' id='word_1_242' title='bbox 366 2970 487 3047; x_wconf 86' lang='lat' dir='ltr'>gerere</span> <span class='ocrx_word' id='word_1_243' title='bbox 519 2947 715 3024; x_wconf 81' lang='lat' dir='ltr'>Christiano</span> <span class='ocrx_word' id='word_1_244' title='bbox 745 2953 887 3048; x_wconf 85' lang='lat' dir='ltr'>quidem</span> <span class='ocrx_word' id='word_1_245' title='bbox 909 2971 1040 3052; x_wconf 82' lang='lat' dir='ltr'>negant</span> <span class='ocrx_word' id='word_1_246' title='bbox 1063 2949 1195 3040; x_wconf 80' lang='lat' dir='ltr'>licitum</span> <span class='ocrx_word' id='word_1_247' title='bbox 1215 2955 1309 3046; x_wconf 81' lang='lat' dir='ltr'>elle,</span> 
     </span>
     <span class='ocr_line' id='line_1_30' title="bbox 88 3043 1310 3144; baseline -0.004 -10"><span class='ocrx_word' id='word_1_248' title='bbox 88 3063 143 3134; x_wconf 87' lang='lat' dir='ltr'>sed</span> <span class='ocrx_word' id='word_1_249' title='bbox 170 3059 220 3130; x_wconf 84' lang='lat' dir='ltr'>fas</span> <span class='ocrx_word' id='word_1_250' title='bbox 250 3043 318 3125; x_wconf 82' lang='lat' dir='ltr'>elie</span> <span class='ocrx_word' id='word_1_251' title='bbox 341 3049 544 3132; x_wconf 83' lang='lat' dir='ltr'>concedunt</span> <span class='ocrx_word' id='word_1_252' title='bbox 565 3067 656 3119; x_wconf 88' lang='lat' dir='ltr'>arma</span> <span class='ocrx_word' id='word_1_253' title='bbox 678 3045 835 3144; x_wconf 78' lang='lat' dir='ltr'>gestare,</span> <span class='ocrx_word' id='word_1_254' title='bbox 861 3069 931 3124; x_wconf 90' lang='lat' dir='ltr'>non</span> <span class='ocrx_word' id='word_1_255' title='bbox 958 3047 1208 3126; x_wconf 78' lang='lat' dir='ltr'>modocoir&#39;tra</span> <span class='ocrx_word' id='word_1_256' title='bbox 1233 3051 1310 3129; x_wconf 87' lang='lat' dir='ltr'>bes·</span> 
     </span>
     <span class='ocr_line' id='line_1_31' title="bbox 85 3141 1346 3240; baseline 0 -14"><span class='ocrx_word' id='word_1_257' title='bbox 85 3158 175 3240; x_wconf 78' lang='lat' dir='ltr'>tias,</span> <span class='ocrx_word' id='word_1_258' title='bbox 207 3149 266 3224; x_wconf 83' lang='lat' dir='ltr'>sed</span> <span class='ocrx_word' id='word_1_259' title='bbox 294 3167 329 3217; x_wconf 87' lang='lat' dir='ltr'>et</span> <span class='ocrx_word' id='word_1_260' title='bbox 362 3144 404 3216; x_wconf 85' lang='lat' dir='ltr'>ad</span> <span class='ocrx_word' id='word_1_261' title='bbox 437 3141 677 3233; x_wconf 78' lang='lat' dir='ltr'>incutiendum</span> <span class='ocrx_word' id='word_1_262' title='bbox 712 3141 867 3220; x_wconf 86' lang='lat' dir='ltr'>hostibus</span> <span class='ocrx_word' id='word_1_263' title='bbox 899 3161 1081 3224; x_wconf 73' lang='lat' dir='ltr'>terrorem:</span> <span class='ocrx_word' id='word_1_264' title='bbox 1130 3142 1307 3226; x_wconf 87' lang='lat' dir='ltr'>Dubitant</span> <span class='ocrx_word' id='word_1_265' title='bbox 1344 3197 1346 3200; x_wconf 95' lang='lat'>-</span> 
     </span>
     <span class='ocr_line' id='line_1_32' title="bbox 87 3239 1307 3344; baseline -0.002 -20"><span class='ocrx_word' id='word_1_266' title='bbox 87 3251 191 3324; x_wconf 85' lang='lat' dir='ltr'>etiam</span> <span class='ocrx_word' id='word_1_267' title='bbox 219 3243 378 3344; x_wconf 83' lang='lat' dir='ltr'>quidam,</span> <span class='ocrx_word' id='word_1_268' title='bbox 406 3259 487 3311; x_wconf 87' lang='lat' dir='ltr'>num</span> <span class='ocrx_word' id='word_1_269' title='bbox 516 3261 585 3311; x_wconf 87' lang='lat' dir='ltr'>nou</span> <span class='ocrx_word' id='word_1_270' title='bbox 614 3239 717 3312; x_wconf 80' lang='lat' dir='ltr'>&#39;liceat</span> <span class='ocrx_word' id='word_1_271' title='bbox 740 3239 933 3331; x_wconf 82' lang='lat' dir='ltr'>latronerri,</span> <span class='ocrx_word' id='word_1_272' title='bbox 969 3239 1307 3322; x_wconf 59' lang='lat' dir='ltr'>fi&#39;aumomtus&#39;dess</span> 
     </span>
    </p>
   </div>
   <div class='ocr_carea' id='block_1_3' title="bbox 93 3333 1419 3798">
    <p class='ocr_par' dir='ltr' id='par_1_3' title="bbox 93 3333 1419 3798">
     <span class='ocr_line' id='line_1_33' title="bbox 93 3333 1310 3438; baseline -0.004 -17"><span class='ocrx_word' id='word_1_273' title='bbox 93 3347 207 3438; x_wconf 72' lang='lat' dir='ltr'>sistere</span> <span class='ocrx_word' id='word_1_274' title='bbox 243 3339 351 3424; x_wconf 80' lang='lat' dir='ltr'>nolit,</span> <span class='ocrx_word' id='word_1_275' title='bbox 385 3335 576 3408; x_wconf 79' lang='lat' dir='ltr'>occidere?</span> <span class='ocrx_word' id='word_1_276' title='bbox 618 3333 707 3408; x_wconf 83' lang='lat' dir='ltr'>hanc</span> <span class='ocrx_word' id='word_1_277' title='bbox 737 3339 828 3410; x_wconf 90' lang='lat' dir='ltr'>enim</span> <span class='ocrx_word' id='word_1_278' title='bbox 862 3333 931 3410; x_wconf 83' lang='lat' dir='ltr'>ell&#39;e</span> <span class='ocrx_word' id='word_1_279' title='bbox 968 3335 1175 3438; x_wconf 70' lang='lat' dir='ltr'>inculpatam</span> <span class='ocrx_word' id='word_1_280' title='bbox 1195 3341 1310 3419; x_wconf 78' lang='lat' dir='ltr'>,vitae</span> 
     </span>
     <span class='ocr_line' id='line_1_34' title="bbox 98 3429 1310 3532; baseline -0.007 -15"><span class='ocrx_word' id='word_1_281' title='bbox 98 3441 233 3517; x_wconf 85' lang='lat' dir='ltr'>nostrae</span> <span class='ocrx_word' id='word_1_282' title='bbox 265 3437 416 3508; x_wconf 87' lang='lat' dir='ltr'>tutelam.</span> <span class='ocrx_word' id='word_1_283' title='bbox 470 3453 523 3520; x_wconf 85' lang='lat'>14.</span> <span class='ocrx_word' id='word_1_284' title='bbox 551 3429 677 3504; x_wconf 81' lang='lat' dir='ltr'>Ulorac</span> <span class='ocrx_word' id='word_1_285' title='bbox 700 3454 769 3506; x_wconf 90' lang='lat' dir='ltr'>non</span> <span class='ocrx_word' id='word_1_286' title='bbox 795 3429 1001 3532; x_wconf 87' lang='lat' dir='ltr'>limpliciter</span> <span class='ocrx_word' id='word_1_287' title='bbox 1023 3435 1205 3530; x_wconf 83' lang='lat' dir='ltr'>damnant,</span> <span class='ocrx_word' id='word_1_288' title='bbox 1231 3459 1310 3509; x_wconf 88' lang='lat' dir='ltr'>mo·-</span> 
     </span>
     <span class='ocr_line' id='line_1_35' title="bbox 100 3527 1419 3630; baseline -0.005 -21"><span class='ocrx_word' id='word_1_289' title='bbox 100 3540 146 3609; x_wconf 90' lang='lat' dir='ltr'>do</span> <span class='ocrx_word' id='word_1_290' title='bbox 169 3531 351 3630; x_wconf 81' lang='lat' dir='ltr'>aequitatis</span> <span class='ocrx_word' id='word_1_291' title='bbox 378 3546 414 3599; x_wconf 88' lang='lat' dir='ltr'>et</span> <span class='ocrx_word' id='word_1_292' title='bbox 436 3527 618 3601; x_wconf 86' lang='lat' dir='ltr'>charitatis</span> <span class='ocrx_word' id='word_1_293' title='bbox 640 3531 758 3622; x_wconf 83' lang='lat' dir='ltr'>regula</span> <span class='ocrx_word' id='word_1_294' title='bbox 786 3552 856 3604; x_wconf 90' lang='lat' dir='ltr'>uon</span> <span class='ocrx_word' id='word_1_295' title='bbox 873 3528 1034 3609; x_wconf 80' lang='lat' dir='ltr'>violetur.</span> <span class='ocrx_word' id='word_1_296' title='bbox 1066 3527 1202 3606; x_wconf 80' lang='lat' dir='ltr'>¹Ludus</span> <span class='ocrx_word' id='word_1_297' title='bbox 1218 3533 1310 3604; x_wconf 80' lang='lat' dir='ltr'>alent</span> <span class='ocrx_word' id='word_1_298' title='bbox 1349 3529 1356 3540; x_wconf 85' lang='lat'>&#39;</span> <span class='ocrx_word' id='word_1_299' title='bbox 1415 3581 1419 3590; x_wconf 39' lang='grc' dir='ltr'><strong>ι</strong></span> 
     </span>
     <span class='ocr_line' id='line_1_36' title="bbox 99 3621 1312 3798; baseline -0.003 -92"><span class='ocrx_word' id='word_1_300' title='bbox 99 3649 136 3708; x_wconf 91' lang='lat' dir='ltr'>et</span> <span class='ocrx_word' id='word_1_301' title='bbox 159 3631 354 3707; x_wconf 82' lang='lat' dir='ltr'>chartarum</span> <span class='ocrx_word' id='word_1_302' title='bbox 378 3626 467 3724; x_wconf 87' lang='lat' dir='ltr'>apud</span> <span class='ocrx_word' id='word_1_303' title='bbox 490 3647 552 3703; x_wconf 84' lang='lat' dir='ltr'>eos</span> <span class='ocrx_word' id='word_1_304' title='bbox 579 3621 692 3798; x_wconf 54' lang='lat' dir='ltr'>ompia</span> <span class='ocrx_word' id='word_1_305' title='bbox 711 3623 1013 3723; x_wconf 75' lang='lat' dir='ltr'>prohibitur-est,</span> <span class='ocrx_word' id='word_1_306' title='bbox 1027 3641 1076 3704; x_wconf 82' lang='lat' dir='ltr'>ut</span> <span class='ocrx_word' id='word_1_307' title='bbox 1098 3623 1312 3716; x_wconf 64' lang='lat' dir='ltr'>ecelinum</span> 
     </span>
    </p>
   </div>
   <div class='ocr_carea' id='block_1_4' title="bbox 0 0 1598 4430">
    <p class='ocr_par' dir='ltr' id='par_1_4' title="bbox 0 0 1598 4430">
     <span class='ocr_line' id='line_1_37' title="bbox 0 0 1598 4430; baseline 0 0"><span class='ocrx_word' id='word_1_308' title='bbox 0 0 1598 4430; x_wconf 95' lang='lat' dir='ltr'> </span> 
     </span>
    </p>
   </div>
  </div>
 </body>
</html>
