3098 4436
251 267 322 346 304
624 235 769 336 Historia
795 221 922 342 Earsos,
949 239 1067 344 clrlst.

254 423 463 498 Hollanrliam
480 433 512 492 rt
533 415 733 492 Zelondlnm.
783 419 945 494 Ceterum
963 419 1116 496 Pastores
1131 417 1337 516 praecipue
1351 412 1480 488 inflam-

258 521 386 607 mavit,
413 537 450 588 et
475 517 510 586 in
537 514 638 586 devia
667 514 798 610 rapuit,
824 515 975 608 sinislra,
1002 539 1038 590 et
1065 517 1152 590 maie
1174 535 1388 614 concepta,
1414 507 1483 600 opi·

255 615 319 689 nio
353 617 398 686 de
428 609 615 684 Ordinibus
648 609 928 703 Provinciarum,
961 611 1128 686 acsr·rem
1153 611 1352 709 religionis
1379 605 1485 678 minu

256 728 442 797 curarent,
466 727 502 778 et
527 709 567 778 ad
586 704 737 780 animum
754 727 982 798 revocarent,
1008 707 1186 782 ministros
1202 730 1358 805 quoque
1377 702 1485 774 Euan·

258 805 340 902 gelii
363 801 574 877 illiberaliter
599 801 801 891 trac'iarent,
826 804 927 897 prcio
951 827 1032 880 curn
1057 800 1195 902 Regina
1224 823 1267 878 et
1287 793 1484 876 Leicestno

259 925 330 976 non
357 897 506 979 starent,
532 897 604 971 imo
632 897 826 972 Pontificiia
846 903 932 973 clam
957 899 1126 976 faverent.

306 995 337 1094 ᾗ.
363 995 520 1068 CCCiV.
552 993 799 1068 convocarunt
822 995 960 1090 quidem
985 995 1134 1072 Ordines
1157 991 1383 1072 Hoiiandiae
1406 1005 1487 1060 uon·

260 1097 369 1168 nullos
399 1087 585 1163 Ministros
611 1091 647 1163 H
654 1113 769 1184 agam,
793 1113 871 1164 curn
889 1089 1082 1166 Proseffore
1099 1092 1266 1178 Saravia,
1295 1110 1337 1160 et
1353 1081 1487 1184 praeju-

260 1189 352 1264 dicia
382 1185 462 1282 ipsu
496 1185 632 1280 eripete
658 1186 777 1258 conari
803 1187 896 1276 sunt,
929 1208 969 1260 ac
995 1186 1163 1262 saniorem
1189 1185 1370 1281 inspirare
1394 1197 1487 1252 men·

260 1305 352 1375 tem,
388 1286 499 1376 aliqua
532 1281 636 1352 etiam
669 1280 751 1376 ἱρῆς
782 1281 1027 1358 concesserunt
1056 1303 1094 1357 et
1127 1282 1398 1378 promiserunt,
1431 1267 1484 1344 sed

261 1403 372 1476 parvo
410 1399 490 1450 cum
523 1373 691 1464 successu,
726 1375 878 1451 maxime
915 1397 994 1451 cum
1027 1376 1235 1454 Leicestrius
1269 1374 1483 1452 factionem,
1546 1455 1547 1458 p

260 1478 442 1568 zelumque
476 1470 569 1545 illum
598 1471 847 1566 inportunum,
873 1473 1014 1546 foveret
1046 1499 1112 1572 per
1140 1475 1290 1549 litteras.
1342 1459 1483 1552 eui,in

260 1567 419 1664 Belgium
445 1563 590 1650 reduci,
614 1567 774 1660 gratulati
799 1589 867 1641 non
894 1588 1028 1644 tantum
1055 1573 1130 1645 sunt
1155 1571 1340 1645 Ordinum
1367 1565 1481 1653 Depa·
1546 1567 1547 1610 3

263 1667 328 1742 tati
361 1686 439 1736 cum
473 1659 669 1750 Mauritio,
705 1663 821 1736 sedet
847 1664 1076 1740 Eccleiiarum
1103 1667 1281 1762 delegati,
1318 1659 1380 1758 qui
1404 1651 1480 1750 ipfia
1546 1661 1547 1684 ¹

262 1781 423 1859 tanquam
441 1757 782 1833 unicoEcclefiarum
799 1758 993 1850 defensori,
1010 1762 1222 1849 inmensum,
1236 1761 1299 1834 sed
1314 1753 1478 1850 turpiter.
1546 1809 1547 1816 κ

261 1859 394 1934 adulati
421 1853 508 1930 sunt.
557 1853 707 1952 Quando
732 1876 843 1930 motus
866 1854 993 1952 ubique
1008 1857 1089 1931 fatti
1105 1857 1184 1931 sunt
1200 1860 1377 1952 majores,
1401 1847 1480 1920 dure
1546 1869 1547 1908 l

264 1953 371 2030 etiam
404 1973 521 2053 ortaex
541 1949 741 2038 factiones,
761 1973 827 2023 una
859 1951 1107 2044 Leicestriana,
1141 1955 1247 2028 altera
1282 1950 1475 2022 Ordinurn3
1546 2005 1547 2012 ,

263 2051 387 2146 quibus
412 2043 622 2136 Respublica
647 2045 878 2118 vehementer
903 2047 970 2120 suit
996 2052 1148 2135 turbata,
1173 2053 1264 2123 adeo
1292 2066 1331 2120 ut
1349 2041 1390 2116 ad
1407 2055 1477 2132 per·
1546 2053 1547 2112 l

264 2145 398 2218 niciem
439 2137 509 2212 visa
545 2136 652 2244 fuerit
692 2161 851 2236 vergere.
907 2143 1045 2242 Quibus
1075 2145 1276 2219 enarrandis
1318 2121 1475 2214 inmorari
1546 2121 1547 2177 l

262 2257 335 2312 non
361 2239 455 2312 licet.
507 2232 658 2306 Ordines
682 2255 767 2308 vero
792 2257 896 2335 aegre
918 2240 1104 2314 admodum
1130 2243 1272 2330 habuit,
1299 2233 1394 2334 quod
1412 2227 1474 2298 Re·

263 2333 343 2432 gina
373 2331 525 2405 animum
557 2327 599 2402 ad
632 2351 751 2424 pacem
784 2354 863 2408 cum
898 2334 1060 2431 Hispanis
1093 2335 1304 2432 adplicaret,
1339 2347 1376 2402 et
1399 2319 1470 2394 Lei·

263 2427 407 2525 pestrius
432 2428 627 2520 supremum
655 2425 871 2516 dominium,
895 2449 1018 2504 contra
1046 2432 1311 2506 Provinciarum
1338 2417 1470 2522 privile·

260 2525 338 2624 gia,
362 2523 563 2597 adiuuaret.
614 2519 845 2596 Leicestriana
877 2547 965 2598 vero
998 2525 1102 2599 sustin
1127 2527 1323 2602 Ordinibus
1346 2525 1467 2613 inputa·

264 2627 347 2711 bat,
372 2619 463 2716 quod
490 2615 625 2725 Regina
641 2620 772 2691 causam
791 2619 1051 2695 Provincintum
1069 2645 1189 2715 ageret
1208 2617 1397 2703 remissius,
1419 2607 1468 2680 in·

265 2717 471 2813 dignabatur
495 2735 622 2802 enam,
647 2736 691 2786 ex
718 2737 801 2809 pura
825 2737 906 2808 puta
930 2716 1140 2828 suspicione,
1165 2719 1258 2816 quod
1284 2696 1466 2793 causareli·
1545 2737 1546 2806 3

263 2814 381 2910 gionir
405 2808 620 2905 prodentur.
669 2807 766 2907 Quid
790 2831 905 2886 autem
931 2813 1162 2888 Lercestriana
1186 2813 1296 2889 fabrio
1322 2797 1467 2906 intende·
1545 2833 1546 2860 1

263 2913 332 2998 rit,
364 2908 421 2980 vel
448 2904 512 2978 sola
544 2903 753 2998 conspiratio
776 2927 899 2981 contra
925 2908 1169 3002 Magistrarum
1195 2911 1347 2994 Leidae‚
1371 2917 1404 2972 et
1429 2909 1461 2964 ¹¹¹
1545 2903 1546 2966 ἒ

263 3004 339 3080 aliis
364 2999 521 3082 urbibus.
550 3001 585 3074 in
609 2998 762 3106 omnium
790 3001 931 3098 ingeffit
956 3006 1096 3097 oculos,
1122 3028 1192 3078 non
1219 3007 1320 3102 plane
1337 2989 1425 3075 claus
1452 3036 1461 3058 .
1545 3029 1546 3059 l

263 3103 370 3196 Cujus
392 3099 488 3206 causa
511 3097 612 3188 aliqui
645 3097 917 3193 conspirationit
942 3119 1082 3174 autores
1114 3103 1233 3198 capite
1257 3097 1351 3196 plexi
1376 3092 1456 3163 suot:

264 3195 526 3292 ipselo'aravra,
560 3192 733 3282 suipertus
757 3216 895 3289 quoque
919 3193 1046 3286 faetus,
1072 3197 1208 3294 aufugit
1232 3198 1267 3270 in
1295 3185 1467 3286 Angliam

262 3293 347 3391 Quo
364 3309 479 3360 rerum
497 3284 584 3361 statu
602 3287 827 3371 Leitestrius,
846 3291 987 3365 domurn
1004 3311 1204 3384 revocatus,
1223 3282 1455 3390 rempublicam

286 3387 399 3462 uidem
426 3383 463 3457 in
489 3381 680 3492 periculoso
704 3384 845 3482 reliquit
868 3385 974 3480 statu,
1000 3390 1057 3464 sed
1080 3390 1285 3465 retinendae
1303 3365 1457 3464 libertarit

261 3415 357 3566 Emul
382 3482 543 3558 praebuit
568 3480 796 3556 occasionem.
1062 3563 1065 3571 .
1287 3559 1290 3566 Ι
1458 3490 1461 3500 ’

309 3580 339 3680 §.
367 3576 504 3650 CCCV.
530 3575 636 3649 Anno
671 3583 776 3665 1588.
802 3599 883 3650 cum
915 3575 1055 3674 Regina
1080 3605 1099 3656 a
1122 3579 1364 3675 pacificatione
1385 3579 1454 3642 cum

259 3667 444 3778 Hispania,
476 3693 623 3772 quorum
655 3671 904 3770 formidabilem
939 3673 1099 3772 classem,
1130 3674 1278 3767 dilium,
1300 3669 1453 3838 papaten

1267 3773 1365 3852 admo
1387 3773 1452 3836 um,
