3148 4434
530 231 653 306 aeaut.
682 231 784 309 XVI.
811 205 816 216 ⁵
1204 257 1276 334 399

47 409 196 496 insania,
229 405 447 498 declamare,
483 404 525 482 ad
557 407 697 485 salutem
730 409 800 485 else
840 408 1067 486 necessarium
1100 413 1269 505 credere,
1407 477 1410 483 .

48 510 124 584 illos
154 505 305 580 miseros
336 507 373 580 in
405 502 616 612 profundum
639 502 743 602 nsque
767 505 942 580 internum
969 505 1039 580 else
1064 509 1267 600 damnatos,

48 606 223 700 Angelum
251 605 382 690 etiarn,
407 605 432 672 lr
455 601 499 674 de
521 605 621 674 coelo
646 604 790 677 veniens
815 602 911 676 secus
936 602 1091 694 diceret,
1117 605 1187 678 elle
1212 628 1269 678 re·

46 699 263 799 jiciendunr,
299 698 392 785 im0,
419 697 494 790 quis
516 717 584 768 non
607 699 803 772 horrescat?
837 698 943 772 Deum
960 722 1020 772 nott
1045 699 1115 784 sare
1139 701 1266 793 Deum,

52 797 112 871 ursr
138 817 203 963 ¹eos
222 797 483 963 qquperpttuvm
508 796 687 871 damnaret.
735 795 822 870 Vid.
855 799 927 868 atta
959 798 1151 892 Martyrum
1179 799 1270 871 Crit-

73 898 117 966 iai
150 894 195 965 ib.
289 945 299 965 .
914 929 917 934 ·

48 917 70 992 p
94 989 125 1088 s.
151 985 327 1061 ccccli.
351 983 610 1069 Hennensis,
630 985 801 1060 successor
818 987 1011 1078 Francisci,
1030 1005 1188 1079 a.'1547·
1205 985 1267 1060 de·

52 1082 178 1172 linui,
207 1083 304 1157 nihil
336 1079 379 1152 de
403 1080 648 1176 persecutione
680 1103 817 1176 quoque
844 1082 986 1157 remisit.
1033 1083 1267 1183 Quotempo-

53 1205 88 1255 re
114 1180 261 1274 Regina
295 1196 540 1263 coronaretur,
572 1193 609 1248 et
639 1174 713 1271 ipse
743 1178 854 1270 prima
887 1181 967 1251 vice
1013 1177 1189 1252 Lutetiam
1216 1180 1271 1251 so·

53 1274 197 1350 leoniter
219 1275 487 1370 ingrederetur,
511 1294 541 1345 a.
565 1293 690 1360 1549„
718 1273 885 1347 nonnullis
902 1277 947 1348 ob
962 1273 1064 1346 fidem
1081 1272 1123 1346 ad
1141 1273 1272 1369 suppli·

57 1373 164 1460 cium,
190 1369 275 1466 ipso
306 1367 500 1478 spesiante,
524 1365 650 1462 raptis,
677 1365 881 1464 supplicatio
901 1371 941 1442 ad
958 1377 1075 1442 omnia
1094 1369 1273 1442 Diuorum,

57 1467 204 1563 Templa
239 1462 299 1538 est
321 1463 494 1550 instituta,
519 1479 572 1549 ct,
592 1461 709 1536 euicto
734 1471 976 1562 promulgato,
1001 1465 1206 1550 declaravit,
1236 1463 1273 1538 sc

60 1582 209 1636 veterem
242 1556 453 1656 religionem
487 1558 662 1630 mordicus
692 1559 761 1633 elle
793 1562 1032 1650 defensurum,
1064 1583 1104 1634 ac
1130 1558 1272 1656 pestife-

61 1680 108 1730 ras
136 1657 209 1730 illas
242 1655 403 1728 haereses
432 1653 708 1748 exstirpaturum.
767 1656 934 1728 incitavit
966 1679 1102 1748 quoqne
1133 1657 1270 1748 Regem

66 1757 101 1824 al
123 1751 277 1826 crudelia
306 1750 362 1824 illa
388 1747 541 1821 facinora
573 1748 684 1842 pellex
708 1749 799 1841 ejus,
833 1749 973 1822 Ducissa
998 1749 1272 1837 valentinensis,

67 1848 169 1921 Diana
198 1847 246 1922 de
283 1843 451 1930 Poitiets,
485 1841 649 1936 inpudica
674 1859 708 1914 et
735 1845 875 1938 peffima
900 1843 1064 1916 foemina.
1099 1845 1274 1936 liugeno·

70 1961 167 2014 tarum
204 1943 334 2036 utique
367 1939 648 2033 persecutionem
680 1961 750 2010 non
784 1961 853 2012 tam
888 1961 932 2011 ex
964 1940 1037 2010 zelo
1072 1935 1273 2030 religionis,

71 2059 159 2134 qvam
182 2059 228 2112 ex
254 2033 323 2134 ipsr
349 2033 506 2128 placendi
535 2030 670 2119 stvdio,
696 2031 796 2107 fuisse
819 2053 950 2123 ortam,
976 2057 1020 2106 err
1037 2030 1177 2107 historia
1194 2033 1277 2108 Gal·

73 2130 131 2206 itta
149 2131 240 2207 clare
267 2151 411 2226 patere,
444 2127 569 2201 diserte
594 2129 680 2201 dicit
706 2129 885 2204 Amclorus
907 2129 945 2202 in
976 2128 1083 2225 praef.
1110 2131 1277 2240 apologe-

76 2227 135 2302 tica
162 2225 336 2302 versionis
359 2226 396 2298 P.
420 2223 531 2318 Sarpii
554 2220 632 2295 ltist.
655 2225 784 2298 concil.
811 2226 977 2302 Trimnt.
1027 2225 1162 2300 Prodirt
1188 2249 1277 2321 quo·

81 2345 135 2416 que
161 2325 274 2398 rursus
309 2343 339 2396 a.
371 2342 476 2408 1550.
509 2317 662 2392 cainum
688 2321 724 2392 in
750 2321 1001 2418 Euangelicos,
1027 2323 1156 2416 quoin
1182 2320 1286 2414 ipsos

81 2416 221 2514 Judicea,
255 2416 320 2510 qui
347 2415 512 2488 remiffiut
534 2434 591 2488 aut
617 2414 654 2488 in
678 2415 753 2488 illoa
776 2419 1015 2514 inquirerent,
1048 2432 1105 2490 aut
1126 2437 1187 2490 eor
1213 2438 1279 2511 pu·

84 2513 201 2604 nitent,
230 2511 399 2587 statuitur
431 2531 556 2604 poena.
606 2511 770 2584 Secutum
804 2511 854 2586 est
878 2512 965 2585 aliud
990 2533 1019 2585 a.
1049 2533 1177 2602 1551„
1204 2533 1282 2610 quo

86 2629 148 2682 cunr
171 2611 316 2685 Caesare
351 2607 494 2694 bellum,
528 2622 564 2678 et
587 2627 664 2678 cum
693 2607 781 2701 Papa
811 2606 1030 2694 inimicitias,
1054 2629 1155 2703 agere
1181 2605 1280 2680 ince-

89 2704 149 2870 pit,
177 2707 285 2804 longe
308 2699 572 2788 atrocissimum,
597 2720 641 2772 ne
665 2700 863 2796 Euangeliei
891 2724 934 2775 er
961 2703 1143 2775 bochello
1168 2703 1282 2774 ansam

101 2799 226 2876 icentius
246 2798 376 2896 agendi
401 2797 617 2890 adriperent,
642 2813 677 2867 et
699 2819 743 2868 ne
772 2797 999 2893 suspicionem
1026 2817 1178 2872 mutatae
1203 2794 1284 2871 reli·¹

96 2893 187 2985 p'nnis
213 2897 407 2972 incurreret
439 2890 512 2986 ipse
544 2891 638 2966 Rex.
684 2889 778 2980 Etsi,
812 2913 848 2966 ut
881 2891 1087 2984 multiplicia
1118 2892 1284 2988 martyria

98 3009 253 3084 enarrem,
284 2989 364 3064 fieri
396 2987 456 3062 hic
484 3004 657 3081 nequeat,
689 3010 793 3062 unum
829 2989 1020 3060 alterumve
1058 3008 1174 3062 tamen
1208 3009 1282 3061 non

100 3083 227 3178 pnsum,
261 3082 345 3184 quin
376 3084 590 3177 adtingam·
617 3080 765 3154 Novem
801 3084 875 3156 sunt
907 3105 937 3157 a.
975 3105 1077 3174 1553.
1118 3079 1283 3176 Lugduni

104 3177 202 3255 adseffl
230 3178 417 3275 martyrio,
450 3179 681 3274 nequicquam
707 3177 1002 3252 intercedentibus
1033 3178 1283 3269 Beruensrbua,

126 3295 223 3351 nomm
245 3275 452 3354 liberalitate
476 3275 628 3368 quinque
650 3296 770 3348 eorum
794 3274 916 3348 studiis
948 3297 1160 3346 novaverant
1194 3276 1287 3348 Lau·

152 3391 213 3445 nae
226 3395 389 3472 operam,
414 3368 620 3454 Turnonio,
644 3372 833 3466 praecipuo
858 3369 1104 3466 persecutionis
1126 3371 1286 3456 flabello,

109 3470 346 3546 tontrtnitente.
391 3466 490 3542 Alius
523 3486 643 3542 eorum
672 3467 869 3541 Ludovicus
894 3469 1087 3553 Marsaeus,
1122 3469 1177 3538 vir·
1201 3465 1289 3534 mili·

112 3559 191 3646 uris,
211 3587 284 3644 tum
310 3587 355 3638 ex
380 3562 558 3655 Scriptura
567 3561 719 3636 multam
738 3564 930 3654 proferret,
959 3563 1074 3634 retulit
1093 3583 1109 3629 a
1129 3556 1290 3630 Praefec-

117 3661 154 3724 to
167 3649 262 3759 ucis
283 3663 356 3742 hoc
376 3657 541 3759 singulm
563 3655 783 3848 “sffi‘gutp
809 3664 884 3738 duat
909 3673 1037 3736 tanturn
1056 3652 1116 3752 ff
1136 3655 1234 3820 anp
1255 3675 1298 3826 z

59 3935 61 3956 t

59 3957 62 3998 l
