3098 4436
547 229 654 326 siml.
678 249 753 325 XV
752 253 781 328 l.
872 230 901 330 ι’
1207 286 1276 374 345

69 431 101 504 in
123 427 237 530 quibus
262 451 384 530 patntn
409 427 445 503 le
469 425 572 502 offert
597 426 782 521 singulare,
797 445 845 504 et
863 434 1080 522 nolontluln,¹
1103 437 1163 512 nifi
1183 443 1276 536 quod

76 552 101 603 t.
124 537 163 602 tle
185 529 434 624 reprobatione
458 549 503 600 ne
528 530 674 597 verbum
698 547 875 615 occurrat,
910 550 946 602 et
972 533 1098 610 eletiio
1128 559 1273 631 genera»

70 624 198 700 linribus
221 623 398 720 phrasibus
421 641 658 718 proponatur,
690 621 779 696 nihil
805 645 942 730 quoqne
967 651 999 700 a.
1027 631 1071 704 de
1106 630 1272 730 inputari.

69 743 131 794 one
151 719 282 814 peccati
308 721 456 806 Adami,
483 733 614 791 tantum
631 717 675 788 de
691 738 918 809 corruptione
935 723 1018 798 inde
1039 745 1123 800 orta.
1152 753 1184 823 3.
1209 732 1271 804 de·

71 817 189 888 scenlus
212 817 343 889 Clarilli
368 815 408 886 ad
434 813 566 888 inferos
589 831 741 906 ponatur
764 813 801 888 in
838 817 968 890 animae
1000 821 1074 914 ejus
1106 824 1269 902 descensu

68 913 104 984 ad
127 916 229 984 locutn
257 911 473 999 inferorum,
500 909 556 982 ubi
582 907 731 1003 Spiritus
755 911 907 1004 degunt,
933 917 1058 1012 quibus
1083 921 1270 1000 adnuncia·

69 1019 130 1079 turn
153 1007 199 1080 est
228 1006 471 1100 euangelium,
506 1007 690 1078 secondum
727 1029 757 1080 1.
792 1007 866 1080 Pet.
891 1009 978 1096 lll.,
1006 1035 1044 1086 ut
1069 1021 1268 1111 putabatur.

64 1125 93 1191 4.
117 1103 189 1178 Rex
213 1104 333 1198 Caput
357 1101 529 1176 Ecclesiae
557 1099 633 1198 post
657 1100 850 1189 Christum,
885 1126 921 1179 et
954 1106 1013 1184 sub
1046 1133 1111 1196 eo,
1143 1117 1267 1208 agnos·

66 1217 157 1272 catur.
205 1223 240 1291 5.
267 1201 495 1273 Sacramenta
519 1219 591 1270 non
616 1215 748 1272 tantum
774 1197 884 1294 signa,
910 1200 967 1276 sed
999 1223 1037 1276 et
1069 1205 1176 1302 figilla
1207 1211 1269 1286 ad·

65 1295 238 1390 pellentur,
266 1295 341 1371 imo
365 1315 444 1368 com
462 1291 533 1388 ipsa
548 1290 678 1386 gratiae
694 1291 881 1388 spiritualis
900 1298 1088 1374 collatione
1102 1305 1270 1400 conjunc·

65 1407 100 1464 ta.
147 1398 179 1465 6.
205 1393 371 1486 Denique
395 1411 540 1487 regnum
564 1389 809 1482 millenarium,
844 1411 881 1466 et
904 1396 1146 1474 damnatorum
1169 1401 1267 1478 resti·
1366 1460 1372 1472 .

64 1486 159 1574 tutio,
183 1485 374 1582 reJiciatur.
862 1495 865 1504 ’

101 1582 129 1680 i.
153 1583 355 1658 CCCXLll.
381 1581 541 1677 'liturgia
570 1583 672 1658 etiam
697 1604 796 1658 novo
821 1584 975 1681 subjeeia
1009 1588 1061 1663 est
1088 1593 1269 1688 examini,

63 1696 91 1750 et
112 1681 147 1751 in
173 1703 247 1754 eant
273 1675 411 1753 renna
437 1679 605 1764 formam,
638 1701 726 1774 quae
757 1701 793 1752 et
821 1703 912 1754 nunc
945 1683 996 1756 ibi
1021 1681 1176 1780 obtinet,
1202 1715 1265 1768 ex·

64 1773 161 1868 teptis
182 1775 360 1849 nonnullis
383 1773 521 1848 additia.
573 1775 731 1848 Mutatio
752 1795 838 1846 vero
855 1776 924 1848 lroc
939 1799 1032 1852 anuo
1049 1779 1085 1852 in
1103 1804 1149 1856 eo
1165 1809 1268 1880 prae·

64 1871 151 1966 cipue
184 1870 254 1945 fuit
282 1871 364 1961 itta,
399 1869 491 1967 quod
522 1893 552 1943 r.
578 1869 731 1944 nonnulli
753 1872 842 1942 ritus
867 1869 1000 1946 luerint
1027 1875 1203 1973 abrogati,
1228 1897 1268 1957 ut

65 1987 111 2039 er.
134 1989 182 2062 gr.
208 1967 359 2042 chrisma
392 1967 430 2040 in
462 1965 753 2054 confirmatione,
788 1985 946 2044 extrema
977 1967 1118 2062 onom,
1150 1977 1269 2065 crucia

65 2060 197 2158 lignum,
231 2081 272 2136 et
303 2083 427 2160 preces
462 2085 528 2156 pro
565 2059 735 2137 defuneto
766 2083 799 2138 2.
832 2065 1003 2160 generalis
1035 2089 1267 2163 peccatorum
1387 2075 1406 2098 ‘

66 2159 241 2250 conleffio,
269 2180 306 2232 et
332 2156 524 2248 absolutio,
550 2157 661 2233 fuerit
688 2157 814 2232 sancita
840 2161 877 2236 in
894 2163 1144 2240 communione
1163 2169 1269 2250 sacra.

67 2273 93 2346 3.
116 2257 185 2331 Lex
219 2253 421 2350 decalogica
451 2273 611 2349 ternpore
643 2253 901 2330 communionis
935 2261 1125 2354 praelecta,
1158 2288 1269 2344 coetu

66 2351 93 2422 in
115 2373 221 2446 genua
243 2353 515 2448 procumbente,
541 2348 690 2450 denique
715 2375 757 2440 4.,
770 2352 970 2444 genufleu'o
986 2356 1092 2444 etiarn
1112 2358 1147 2430 in
1165 2385 1268 2436 corn·

67 2447 217 2522 nunione
252 2447 401 2520 stabilita
433 2443 492 2536 fit,
519 2445 576 2522 led
608 2445 745 2522 ratione
769 2446 904 2534 addita,
938 2471 1005 2524 non
1031 2474 1069 2544 ut
1092 2453 1267 2532 adoratio·

67 2541 125 2630 tis,
148 2542 203 2620 led
221 2540 492 2630 humiliationis,
516 2561 554 2616 et
577 2543 813 2630 reverentiae,
837 2543 953 2638 gestus
972 2547 1072 2622 effer.
1117 2551 1187 2626 His
1205 2553 1270 2630 ati·

68 2637 168 2728 latur,
202 2641 261 2715 sex
293 2637 422 2712 eleetos
446 2635 547 2712 fuill'e
572 2640 859 2728 concionatores,
895 2642 1039 2718 nomine
1064 2647 1266 2740 Capeliano·

69 2753 131 2809 mm
154 2735 281 2834 Regia,
307 2755 451 2832 quornm
476 2733 546 2808 duo
569 2735 704 2832 semper
725 2733 764 2808 in
789 2733 878 2810 Aula
902 2737 1034 2828 client,
1060 2743 1184 2841 reliqui
1200 2769 1264 2844 per
1383 2817 1388 2825 .

70 2827 216 2928 Regnum
241 2834 352 2917 irent,
385 2850 422 2904 et
449 2829 576 2924 ubique
598 2829 788 2905 conciones
813 2829 1002 2924 haberent,
1036 2839 1096 2910 ubi
1123 2841 1268 2932 vellent,

69 2923 232 3024 Denique,
261 2925 357 3025 quod'
388 2949 459 3000 non
495 2925 546 3000 'est
570 2925 839 3023 negligendum,
870 2927 1028 3004 instituta
1055 2929 1124 3026 est,
1150 2933 1270 3036 Regia

67 3019 156 3113 iulio,
183 3027 273 3122 Jorir
296 3023 466 3127 Canopici
492 3021 717 3112 reformatio,
742 3041 778 3096 et
795 3022 911 3118 legum
928 3025 1270 3128 Ecclesiasticarum,

69 3115 98 3212 in
126 3119 241 3214 primis
272 3139 379 3216 opera
411 3118 593 3192 Craomeri
620 3116 850 3206 concinnata,
872 3141 902 3196 a.
933 3143 1058 3213 1552„
1086 3146 1123 3200 et
1149 3127 1267 3206 libello

69 3215 317 3312 conprehensa,
337 3212 510 3312 quidem,
528 3233 696 3307 regnante
713 3213 910 3290 Elisabetha
921 3245 967 3307 ,a
986 3219 1145 3314 Joltanne
1162 3227 1269 3304 Foxo

70 3309 168 3385 editor
188 3312 250 3388 est.
297 3307 549 3408 Compleetirur
573 3310 622 3382 LI
645 3308 829 3398 articulos,
859 3312 900 3386 ad
926 3338 1085 3392 normam
1110 3321 1266 3399 Pandec·

71 3421 175 3480 tarunr
193 3405 392 3506 Jostiniani·,
425 3406 505 3494 led,
536 3423 650 3480 morte
676 3405 770 3502 regit
793 3406 1067 3506 interveniente,
1093 3417 1266 3509 publicam

71 3518 130 3575 non
157 3503 273 3580 aaron
305 3501 355 3578 est
390 3505 626 3578 autoritatem.
677 3503 775 3577 luter
809 3507 979 3582 notabiles
1001 3513 1166 3585 articulos
1191 3515 1269 3586 dno

77 3613 264 3688 occurrunt,
291 3600 411 3695 quibus
437 3600 498 3672 ltic
522 3599 636 3674 locutu
661 3597 774 3688 dabo,
798 3622 885 3674 unus
911 3603 1027 3691 laude,
1061 3607 1147 3678 alter
1174 3608 1266 3682 vitu·

74 3693 181 3792 perio,
205 3697 342 3795 dignus.
367 3694 465 3775 Prior
482 3695 538 3774 tit.
563 3696 625 3870 lix}
636 3715 714 3788 cap.
733 3715 814 3790 aa,
837 3697 1160 3778 Praedellioatioois
1181 3701 1271 3799 elog-

84 3821 89 3834 ·
419 3825 424 3833 ·
584 3877 588 3888 ,
634 3809 705 3886 va
1175 3817 1277 3878 mato
