3098 4436
537 225 645 307 secat.
673 224 775 304 XVI.
872 231 877 246 '
1200 233 1274 334 bd?

50 404 230 512 phrasibus
256 401 307 480 est
329 401 507 502 expressa,
531 425 571 480 ut
594 427 633 482 ea
650 428 720 482 non
737 402 844 480 fuerit
860 401 993 481 diredie
1008 423 1146 508 negata.
1177 409 1268 484 Ima·

50 500 557 675 sibttqssssrtibfiib
571 503 701 673 {sisu
723 501 989 674 ‘dissidiis
1012 504 1269 676 sistis:

52 695 251 772 siitutioner
269 691 445 782 Eduatdi,
473 649 556 766 ¹cntn
580 691 650 768 sevi
677 651 823 792 qtiadam
851 651 1068 786 mutatione,
1094 623 1266 792 pqttblicari

54 791 154 888 juffit.
199 790 367 864 Ceterum
391 785 527 862 nemini
553 788 624 864 sese
637 811 780 886 gravem
798 787 978 884 praestitit.
1028 793 1069 865 In
1086 791 1268 888 principio

82 888 192 960 uidem
216 885 348 981 aliqui,
372 883 430 981 qui
450 882 666 981 suprematut
683 885 919 981 iuramentum
945 887 1147 961 recusabant
1169 909 1270 982 prae·

116 1007 152 1070 e,
176 979 218 1054 in
236 998 418 1058 carcerem
443 976 618 1074 conjecti,
641 978 699 1055 sed
724 997 760 1054 et
781 975 896 1054 statim
912 980 1037 1058 dimiffi
1061 981 1156 1073 sunt,
1181 1003 1268 1072 nec,

55 1077 111 1176 qni
124 1077 274 1175 ¹Regno
296 1075 465 1150 excedere
489 1075 695 1166 voluerunt,
719 1075 891 1173 prohibiti
900 1101 911 1164 ς
943 1076 1035 1168 imo,
1060 1075 1119 1175 qui
1145 1097 1270 1153 munuc

57 1179 235 1271 deponere
259 1169 456 1267 eligebant,
481 1168 526 1246 iis
556 1169 721 1246 decretae
749 1171 829 1244 sunt
844 1171 1035 1269 pensroner.
1084 1172 1271 1268 Denique,

56 1268 187 1344 articuli
209 1264 415 1356 doetrinae,
438 1267 499 1340 sub
523 1263 685 1342 Eduardo
712 1266 937 1359 concinnati,
967 1267 1110 1357 itidem,
1134 1289 1214 1340 curn
1237 1289 1275 1338 a.-

59 1367 143 1462 siqua
168 1359 390 1451 variatione,
410 1359 609 1437 confirmati
631 1361 728 1454 sunt,
751 1385 807 1438 en.
831 1386 884 1457 gr.
902 1361 1068 1440 articulus
1084 1363 1129 1437 de
1140 1359 1274 1436 Christi

57 1464 95 1534 ad
120 1458 258 1534 inseror
291 1454 451 1531 descensu
485 1453 626 1532 omissus
656 1455 726 1549 est,
750 1457 904 1533 recenfio
929 1459 1095 1534 librorum
1120 1458 1276 1534 Caroni»

56 1577 171 1632 torum
196 1573 237 1628 et
255 1552 551 1660 Apocryphorum
570 1553 705 1640 addita,
730 1552 817 1628 sicut
841 1555 967 1646 etiam,
989 1555 1177 1631 Ecclesram
1205 1577 1274 1650 po·
1345 1609 1351 1614 -

62 1649 178 1726 testate
211 1648 347 1746 pollere
382 1651 425 1721 de
457 1646 575 1722 riubur
606 1669 644 1723 et
674 1647 833 1723 dodrina
852 1649 1052 1745 judicandi,
1077 1651 1131 1724 sed
1156 1651 1277 1725 secuu-

62 1749 136 1820 dum
169 1747 321 1819 verbunr
347 1743 435 1817 Dei:
469 1741 628 1837 respec'tu
652 1744 687 1817 S.
714 1763 845 1816 coenae
883 1743 1084 1836 simpliciter
1107 1745 1275 1834 babetur,

63 1863 181 1939 cotpua
220 1835 351 1914 Christi
392 1836 566 2006 Sffiitituali
603 1837 677 1911 dari
718 1835 846 1926 modo,
879 1855 917 1910 et
950 1837 1057 1924 sumi,
1100 1837 1277 1926 medium,

64 1961 126 2034 quo
155 1934 350 2034 accipitur,
383 1957 403 2007 e
433 1955 451 2008 e
480 1933 600 2006 sidem.
655 1933 761 2031 Quod
793 1931 1000 2029 prudentiae
1023 1932 1122 2007 causa
1147 1930 1277 2006 fadum
1434 1944 1441 1954 “

65 2030 241 2120 censetur,
273 2049 355 2114 cnm
390 2049 513 2102 ontnes
544 2029 764 2122 corporalem
806 2028 991 2122 rejecerint
1024 2027 1275 2124 praesentiant

67 2148 102 2214 nt
123 2129 295 2204 Rutnetut
319 2121 542 2202 demonstrat.
595 2123 754 2198 Tandem
780 2145 871 2198 nova
896 2123 987 2198 faeta
1010 2122 1060 2197 est
1082 2124 1276 2202 Bibliotunt

68 2221 260 2310 translatio,
286 2221 457 2309 primum,
482 2239 519 2294 ut
542 2218 701 2311 videtur,
726 2216 817 2294 edita
841 2243 871 2296 a.
900 2225 1006 2312 1561.

108 2318 135 2415 s.
161 2315 389 2392 CCCXLVI.
422 2316 503 2389 Huc
533 2313 667 2392 tatione
699 2313 853 2389 instituta
879 2335 915 2388 et
949 2313 1100 2390 stabilita
1133 2313 1183 2389 est
1220 2337 1276 2389 re·

69 2413 229 2488 sormatio
254 2413 292 2485 in
318 2408 462 2506 Angit,
494 2409 583 2484 adeo
607 2429 647 2486 ut
669 2412 713 2485 ab
738 2432 781 2482 eo
805 2428 968 2508 tempore
994 2410 1117 2508 primas
1142 2410 1192 2484 ibi
1215 2413 1280 2488 ob·

70 2508 227 2596 tinuerit,
255 2525 293 2594 et
323 2504 523 2594 dominans,
550 2522 589 2578 ut
621 2504 692 2581 dici
716 2505 823 2599 solet,
848 2505 940 2582 faeta
964 2503 1027 2593 [ιιι
1053 2530 1123 2603 quo
1146 2505 1281 2580 diutur-

73 2627 144 2680 num
176 2599 398 2692 Elisabethae
429 2623 594 2694 regnum,
626 2601 720 2694 quod
743 2622 793 2691 44
816 2624 982 2675 annorum
1009 2604 1097 2691 suit,
1130 2603 1278 2678 multum

72 2700 219 2788 contulit,
269 2693 396 2864 Typur
428 2697 589 2770 doetrinae
617 2693 845 2770 Eccsesiatum
871 2697 1038 2792 Angsiae,
1062 2719 1106 2771 ex
1130 2696 1280 2794 triginta

75 2817 193 2873 novem
219 2791 393 2879 articuir,
417 2814 448 2868 a.
481 2787 842 2884 1571.confitmatin,
867 2793 910 2868 ad
935 2815 1020 2889 quor
1040 2795 1211 2867 Burnetus
1226 2791 1279 2869 est

76 2905 338 2974 commentatur,
363 2885 463 2962 facile
487 2886 676 2982 repetitur,
699 2907 767 2958 nec
791 2885 842 2958 esb
856 2887 1009 2980 ignotus.
1061 2891 1201 2964 Politian
1218 2913 1283 2964 ve·

78 3007 111 3054 ro
140 2981 349 3082 conspedbur
379 2979 537 3058 omnium
571 2979 824 3058 accuratissime
854 2980 957 3056 datur
989 2980 1027 3060 in
1060 2984 1199 3075 libello,
1223 2981 1282 3074 cni

79 3081 211 3170 titulun,
246 3085 408 3156 tradatur
437 3079 476 3158 dr
505 3075 624 3172 positia
657 3073 827 3170 Ecclesiae
858 3077 1085 3172 Angsicnnnt,
1115 3097 1283 3176 ternpore

82 3173 191 3267 Jacobs
216 3175 452 3270 conscriptor,
472 3193 491 3246 a
515 3173 675 3248 Docsote
694 3171 866 3264 Mocket,
890 3173 1170 3274 Arcbiepiscopo
1194 3178 1286 3250 Can·

84 3269 231 3348 turriensr
256 3291 276 3344 a
301 3269 424 3359 sactid,
456 3265 516 3344 cui
542 3268 608 3344 asia
632 3266 866 3361 accesserunt,
898 3267 937 3344 in
959 3270 1045 3346 edit.
1069 3271 1223 3346 Londin.
1249 3287 1282 3349 a:

87 3386 185 3456 1705.
236 3363 336 3442 Nibis
362 3363 481 3478 itaque
503 3359 626 3452 restat,
651 3385 772 3462 quam,
791 3383 830 3442 ut
855 3365 1018 3441 nonnulla
1041 3367 1089 3443 ad·
1113 3388 1188 3442 tem
1205 3369 1287 3442 tesi·

88 3461 191 3554 gionit
216 3460 450 3554 pertinentra,
482 3479 569 3630 puae
592 3458 650 3534 snb
676 3459 874 3538 Elisabetba
893 3461 1119 3554 acciderunt,
1149 3465 1188 3538 in
1212 3463 1287 3557 pri·

91 3557 148 3628 mit
162 3557 271 3652 quoad
289 3575 421 3645 motat,
438 3573 476 3630 et
498 3552 897 3643 chisma,Puritanotum
905 3575 941 3632 et
951 3554 1261 3653 Independentium
1271 3563 1286 3648 ,’

98 3647 206 3742 quibua
225 3649 382 3748 Ecclefia
397 3649 592 3790 Anglicaua
616 3647 742 3821 ιῖζιίξῐὲ
763 3655 897 3778 turbata
920 3650 1290 3834 est’psugssgffirst
