3170 4430
315 243 391 340 486
707 231 858 338 ffifloria
879 229 1009 334 Esclts.
1035 229 1157 334 dirisi.

319 417 514 592 illiti
540 415 878 609 estsimilis
903 409 1523 609 llllttlssffllitlt

322 617 414 690 illurn
438 611 591 696 adversus
614 607 791 702 Atlanasti
808 609 993 705 symbolum
1009 610 1152 683 libellam
1167 609 1277 682 edidit.
1325 609 1447 710 Quem
1464 635 1521 687 tan

322 711 389 806 ipsi
421 706 602 782 Praefecto
632 705 839 796 dedicasiet,
872 707 958 780 iram
994 705 1069 801 ejus
1093 705 1128 778 in
1150 705 1184 777 se
1215 705 1435 796 concitavit,
1462 711 1520 806 qais

321 805 352 880 is
384 825 428 875 eo
453 801 528 900 ipso
560 803 596 878 in
629 801 859 898 suspicionem
893 802 1062 874 haeresios
1089 818 1259 888 .venerat;
1290 803 1387 896 qood
1421 806 1518 900 pollet

317 900 465 998 peffime
498 901 595 974 cellit
619 898 827 974 Valentino.
877 895 1040 990 Lugduni
1067 893 1183 970 denno
1208 898 1459 991 incarceratus,
1483 903 1520 976 sed

318 991 460 1092 etpost
486 1017 535 1086 50
561 995 636 1070 dies
662 989 835 1082 dimissos,
867 995 959 1090 quod
984 990 1103 1065 odium
1128 993 1364 1088 praetenderit
1397 999 1436 1070 in
1463 1001 1520 1072 Cal·

324 1090 470 1181 vinum,
506 1109 541 1164 et
563 1091 599 1164 in
624 1113 704 1164 eom
730 1090 936 1184 scripturum
963 1087 1178 1182 promiserit,
1202 1107 1267 1186 per
1292 1089 1407 1164 varias
1431 1111 1517 1170 terra

317 1186 530 1358 iiiii?
549 1187 783 1355 lillis
787 1183 939 1352 elini.
949 1183 1513 1360 literatissimum

318 1395 358 1450 et
393 1380 493 1472 Rege
522 1305 691 1448 intortae
717 1399 745 1447 a.
776 1381 880 1463 1566.
908 1332 1107 1449 ha’ereticos
1131 1375 1206 1447 illos
1229 1374 1348 1451 edisio
1369 1313 1511 1476 ingunde:

342 1493 379 1544 er
411 1471 612 1546 Moraviam
635 1487 669 1542 et
696 1469 891 1557 Austriam,
925 1469 1154 1566 inprudenter
1182 1472 1330 1566 repetiit
1355 1477 1509 1574 nndqoan

310 1495 485 1644 drassesii
520 1570 713 1660 regionem.
766 1566 895 1639 Denuo
929 1570 1024 1638 enim
1060 1586 1181 1663 capras
1211 1587 1231 1638 a
1264 1570 1458 1662 Praefecto,
1478 1594 1508 1648 et

310 1661 438 1740 melius
464 1659 676 1755 custoditus,
710 1665 854 1736 Bernam
880 1659 929 1733 est
953 1661 1090 1751 danus,
1125 1685 1168 1737 ac
1190 1685 1256 1756 per
1281 1668 1504 1760 multosdies,

309 1779 393 1850 os.
419 1759 513 1858 Aug.
544 1760 586 1834 ad
619 1782 654 1852 9.
689 1759 787 1855 Sept.
821 1756 1052 1843 examinatus,
1084 1755 1126 1830 ad
1163 1757 1289 1852 capitis
1322 1760 1502 1858 supplio'nn

310 1859 490 1933 damnatus
521 1855 590 1946 est,
615 1874 650 1928 et
685 1877 730 1928 eo
761 1853 913 1928 adsessos
943 1876 973 1926 a.
1010 1859 1116 1942 1566.
1167 1853 1291 1951 Quam.
1308 1861 1500 1952 tragoediam

308 1951 387 2026 sose
411 1951 585 2043 descripsit
612 1949 820 2022 Benediiius
842 1949 1005 2038 Aretias,
1032 1947 1238 2045 Theologur
1261 1953 1446 2047 Beroensis,
1470 1959 1497 2032 in

305 2045 443 2142 historia
476 2047 692 2116 damnationis
724 2047 815 2137 ejus,
848 2044 907 2138 qui
939 2043 1025 2118 nihil
1057 2045 1233 2135 peculiare
1264 2049 1309 2120 ab
1335 2051 1428 2143 ipso,
1456 2053 1498 2126 die

303 2139 464 2236 supplicii
498 2138 650 2226 diilum,
685 2136 876 2211 memoriae
908 2139 1106 2214 mandavit:
1141 2140 1217 2214 alibi
1250 2162 1367 2220 tamen
1391 2147 1493 2236 tradit,

305 2233 320 2312 i
351 2237 421 2308 sum
446 2234 490 2306 de
513 2235 547 2306 se
570 2253 606 2307 et
630 2231 815 2326 scripisse,
851 2254 886 2308 et
910 2236 1062 2308 locutum
1089 2234 1177 2323 elle,
1201 2235 1243 2334 se
1267 2238 1329 2334 effe
1350 2260 1494 2335 patrmm

296 2259 424 2432 ssmmi
450 2330 565 2404 Patris
589 2334 799 2420 eminentiae,
832 2347 864 2402 st
888 2327 1079 2424 adsertorem
1100 2333 1227 2426 gloriae
1249 2336 1384 2429 Patris,
1413 2340 1491 2435 cujus

301 2449 413 2504 nemo
438 2444 518 2500 ante
541 2424 649 2516 ipsum
674 2427 846 2520 hucusque
871 2423 988 2497 fuiffer
1013 2429 1165 2523 Mattyr.
1443 2524 1451 2539 .

295 2519 729 2711 ...sessilis
749 2517 973 2690 §filiali
993 2520 1269 2694 bertillis
1286 2527 1483 2698 llll-llil
1554 2651 1555 2710 .

299 2715 324 2790 l.
350 2713 433 2800 cit,
466 2712 696 2788 Valentinum
722 2713 758 2786 in
788 2713 931 2808 synodo
954 2711 1181 2788 Pintzoviana
1204 2737 1234 2789 a.
1263 2727 1385 2808 1561„
1412 2717 1482 2790 hane

309 2807 455 2884 edidisse
480 2807 751 2892 consessionem,
779 2807 885 2878 Deum
908 2814 940 2880 in
965 2809 1138 2880 latitudine
1159 2817 1364 2887 aeternitatis
1384 2811 1481 2907 crteffe

297 2905 459 3002 Spiritum
491 2907 645 2998 quendam
675 2901 992 3001 excellentiffimam,
1028 2906 1081 3000 pai
1109 2905 1219 3000 pellea
1252 2911 1287 2982 in
1311 2909 1481 3005 plenitudine
1554 2923 1555 3000 l

298 3005 451 3097 temperis
474 3001 588 3092 faerit
620 3007 824 3076 internatus.
886 3001 1033 3072 Aretias·
1064 3023 1149 3073 vero
1181 3004 1297 3099 c'apita
1324 3000 1476 3076 dodrinae

297 3101 394 3193 ejus,
426 3095 599 3191 exipsius
629 3097 725 3169 libris
749 3115 933 3191 excerpta,
968 3096 1055 3168 haee
1078 3096 1237 3175 exhibet.
1291 3098 1415 3174 Trinitas
1435 3093 1475 3192 tsi

298 3216 422 3268 meram
454 3207 661 3265 sternentem
693 3193 881 3277 humanum,
910 3193 1088 3266 Catholicis
1102 3190 1265 3288 symbolis
1291 3197 1478 3290 incognitam,

293 3307 368 3360 cum
399 3289 591 3378 euangelica
622 3290 761 3360 veritate
793 3289 987 3360 ediametro
1007 3305 1170 3384 pugnans.
1218 3293 1313 3367 Solus
1335 3295 1425 3367 Pater
1443 3285 1481 3380 ιβ
1554 3341 1555 3386 7

292 3403 378 3456 renas
402 3385 456 3455 ille
481 3381 593 3469 Deus,
619 3385 726 3472 quiin
754 3384 924 3480 Scriptura
948 3405 1028 3456 ranas
1053 3402 1085 3456 et
1101 3385 1193 3479 selas
1219 3411 1314 3464 verus
1338 3390 1420 3464 Deos
1442 3389 1480 3458 di·
1554 3401 1555 3494 p

292 3483 393 3558 citur.
441 3479 544 3550 silius
561 3503 590 3550 xa
609 3476 651 3572 se
677 3475 742 3574 ipso
764 3503 823 3552 nan
847 3481 911 3578 esi.
936 3480 1001 3572 sed
1022 3507 1044 3554 a
1067 3483 1186 3571 Patre,
1221 3487 1276 3558 cui
1299 3485 1482 3579 ateffentia·

289 3581 356 3652 teri
369 3575 602 3676 subordinatus
627 3571 683 3672 est
732 3575 850 3659 Peter.
879 3577 997 3666 lilius,
1021 3593 1053 3650 et
1080 3580 1222 3672 Spiritus
1237 3583 1294 3672 S.,
1318 3609 1377 3657 non
1390 3579 1480 3676 solun

278 3676 370 3802 ‚pred
399 3675 442 3752 ad
466 3671 620 3774 personas
645 3673 790 3770 adtinet,
820 3671 877 3768 [ed
906 3677 1004 3751 etiarn
1035 3679 1138 3770 quaed
1154 3683 1265 3776 ἐσίω,
1296 3676 1480 3861 είῖευεέξτηῨ

371 3825 376 3832 .
400 3793 407 3810 “
435 3803 458 3810 ·’
826 3821 839 3840 t
1416 3792 1479 3844 trit
