3170 4430
275 152 1156 256 nr'PHRASIUMAEEBRAEARUMz
1257 189 1355 280 5573

179 343 406 438 maturiore
429 364 501 420 non
529 362 662 418 tantum
691 361 726 416 et
744 339 931 416 fortiorem
950 339 1164 438 superiorem
1182 341 1330 442 estag.

178 443 253 528 se,
306 441 368 513 sed
409 460 446 514 et
484 439 573 514 duro
613 441 784 536 imperio,
818 439 1004 536 rigidoque
1037 437 1230 535 subjeetum

5 597 7 600 .
91 617 100 631 ,
173 555 376 630 premere
505 589 525 628 .,
641 588 651 609 .
801 587 810 606 .
944 587 953 608 .
1095 587 1105 608 .
1252 533 1328 610 ibid

5 659 6 700 ;
51 633 136 722 tr»,
169 631 280 705 unde
306 633 393 718 butu
421 629 455 706 in
490 651 591 706 ruma
614 624 754 724 conjug.
774 625 1019 728 separationem
1043 649 1123 704 cunr
1150 626 1226 702 vio·
1335 644 1366 700 .·

175 727 302 808 lentio
331 746 368 801 et
390 725 618 801 detestatione
648 744 757 798 notat.
888 778 900 800 .
955 734 962 745 “
1032 779 1042 798 .
1169 725 1197 798 Ι.
1254 730 1323 818 187

58 825 132 908 uby
157 821 332 919 proprie
357 822 443 897 dicit
469 823 694 918 etjirprrnrr't,
719 827 884 910 excrevit,
909 835 946 892 et
971 815 1015 890 de
1038 816 1152 892 fluvio
1168 820 1218 894 su·

175 941 251 1006 pra
282 918 381 1012 ripas
408 917 665 992 intumescente
689 914 879 1012 usurpatur.
927 914 1015 986 Inde

5 1059 12 1104 2
111 1017 208 1100 rtbyn
235 1010 433 1112 adsctnstn,
470 1016 514 1088 de
540 1011 704 1103 eximio,
729 1011 831 1108 longe
860 1010 1035 1107 superante
1060 1027 1098 1083 et
1123 1031 1228 1084 exce·

110 1139 134 1177 =:
167 1111 303 1184 dente
328 1109 527 1198 beneficio,
561 1107 659 1203 quale
683 1108 811 1181 Davidi
834 1123 1062 1202 perpetuaret
1091 1103 1221 1181 stabilis
1328 1157 1339 1176 t

6 1255 13 1298 :
91 1205 94 1211 ’
146 1203 419 1300 ,posterorum
444 1207 580 1278 suorum
605 1202 638 1274 in
664 1223 773 1298 regno
790 1202 954 1298 promissa
970 1200 1139 1275 divinitus
1156 1203 1228 1275 suc·
1312 1205 1316 1217 '

175 1297 303 1382 cessio,
328 1315 413 1374 erat.
444 1297 818 1375 1CHRON.XV11.
850 1320 905 1391 17.
931 1296 1130 1373 adhibetur:
1243 1305 1317 1393 489

237 1394 413 1468 Militarir
435 1396 535 1469 verbi
562 1396 636 1466 usus
653 1417 791 1490 quoque
808 1392 972 1483 invaluit,
996 1415 1065 1488 quo
1085 1391 1218 1490 adsccn·

180 1493 270 1564 δικ
305 1489 464 1564 hostilem
498 1491 709 1578 invasionem
741 1509 862 1575 notat,
895 1486 1125 1584 cum-copiae
1156 1491 1230 1564 bel·
1323 1547 1339 1566 ..

180 1585 308 1672 ricae,
334 1590 506 1661 exercitus
530 1583 666 1658 hostiles
689 1607 817 1680 magno
844 1605 989 1658 nurnero
1010 1607 1050 1657 ac
1075 1586 1110 1658 vi
1132 1590 1223 1680 rapi·
1418 1655 1425 1662 .

182 1679 347 1770 diffima,
387 1680 490 1757 instar
521 1679 676 1754 fluminis
711 1680 811 1774 supra
840 1679 932 1774 ripas
961 1679 1225 1770 adscendentis,

10 1837 12 1840 .
191 1774 343 1873 praesto
369 1772 458 1850 sunt.
505 1777 588 1849 Hoc
615 1773 674 1848 usu
1234 1858 1239 1868 ¹

129 1875 198 1962 by,
228 1869 327 1964 quod
359 1871 500 1945 verbum
528 1867 600 1962 est,
631 1889 696 1964 pro
718 1870 795 1962 aba,
828 1865 953 1942 DAN.
979 1867 1043 1942 IX:
1071 1886 1128 1961 27.
1160 1892 1222 1944 oe·
1308 1893 1310 1898 ’

15 2029 18 2039 .
189 1965 322 2048 currit.
471 2019 481 2040 .
625 2020 633 2038 .
762 2017 771 2036 .
898 2015 907 2037 .
1034 2018 1042 2038 .
1147 1965 1322 2064 11.390

107 2143 110 2148 ,
187 2059 385 2136 Peculiaris
408 2058 494 2132 item
520 2055 570 2134 est
599 2057 675 2133 usus
697 2056 815 2146 verbi,
839 2054 877 2130 in
902 2054 1139 2134 exsecratione
1159 2061 1219 2136 ad·

15 2159 20 2170 '
191 2154 345 2248 hibiti,
366 2179 431 2252 qua
467 2154 575 2230 Elisae
605 2159 707 2251 pueri
742 2153 890 2228 exitium
925 2153 1224 2248 imprecabantur,
1319 2205 1339 2232 ³

191 2255 277 2342 rubr,
302 2250 435 2348 ascende
461 2251 572 2340 calve,
607 2275 640 2348 q.
666 2251 700 2326 d.
727 2251 780 2324 abi
804 2251 842 2322 in
867 2269 938 2322 rem
963 2253 1105 2342 maiam,
1139 2277 1223 2326 con·
1250 2265 1261 2288 '

14 2417 15 2422 ,
196 2349 401 2422 temtiffime
424 2347 632 2421 mortalium.
767 2402 777 2421 .
925 2397 934 2416 .
1086 2403 1095 2422 .
1246 2371 1319 2445 104

84 2463 151 2532 w
169 2442 290 2540 flare,
305 2441 480 2539 subſsstere
500 2439 688 2536 'speciatim
719 2435 864 2517 subinde
891 2439 985 2514 vaiet
1015 2464 1080 2534 pro
1094 2440 1220 2540 subfis·

17 2545 18 2550 ’
194 2555 266 2610 tert
296 2561 378 2632 prae
404 2539 614 2625 lassitudine,
645 2563 711 2634 qua
738 2534 813 2632 quis
844 2533 905 2609 sub
933 2559 1041 2610 onere
1065 2538 1218 2629 satiscrt,
1294 2564 1339 2646 ,Ἴ

196 2633 278 2705 ansa
302 2633 501 2727 ajumentn
526 2633 689 2705 delassare
713 2649 859 2722 arrepto.
1002 2688 1012 2706 .
1167 2637 1195 2710 1.
1243 2636 1321 2728 452'

92 2749 150 2815 tau
172 2729 332 2824 populus,
363 2728 453 2801 haud
488 2748 567 2798 raro
591 2727 631 2800 ad
661 2729 781 2823 copias
805 2723 969 2798 militares
991 2725 1218 2822 restringitur.

143 2867 256 2890 .....
279 2824 324 2894 de
348 2817 629 2920 praestantium
651 2824 770 2918 populi
795 2841 895 2916 parte
919 2821 1062 2896 subinde
1087 2845 1222 2920 quoque

188 2915 357 2992 venit'
430 2969 439 2990 .
564 2965 575 2988 .
708 2973 777 2994 ..
844 2970 852 2990 .
973 2963 991 2992 π.
1140 2945 1210 3015 394
1240 2943 1314 3014 502

93 3035 149 3100 ran
173 3011 383 3122 infirmandi,
409 3011 599 3085 debilitandt'
616 3011 732 3102 seusu,
759 3009 978 3099 interritos,
1002 3034 1140 3108 quoque
1159 3043 1219 3092 ve.

198 3127 264 3182 nrt.
413 3159 422 3178 .
555 3161 564 3182 .
690 3161 700 3183 .
830 3163 839 3182 .
970 3161 979 3182 .
1106 3165 1114 3182 .
1225 3176 1228 3189 .

193 3201 247 3278 uti
260 3198 487 3370 gllfldw’
520 3199 556 3276 iu
582 3201 725 3280 historin
749 3199 930 3281 Sirnsuuis.
978 3203 1085 3300 JUD.
1112 3192 1215 3284 XVI:
1242 3136 1261 3209 3

195 3321 232 3389 5,
286 3319 466 3373 .ev1nc1t.
770 3326 777 3340 “
883 3323 888 3330 ·

97 3394 153 3480 b?
176 3411 316 3481 tumere,
343 3391 470 3466 efferre
493 3395 547 3483 se,
576 3395 659 3471 inde

101 3484 107 3495 '
143 3491 239 3578 obuy
264 3488 476 3598 generaliore
513 3489 710 3588 significatu
743 3510 880 3570 tumores
912 3492 1072 3590 quosvis,
1107 3498 1222 3569 uicerat
1289 3559 1335 3584 ,.

188 3607 351 3684 auteur,
374 3605 482 3666 ettam
509 3586 668 3688 ignotam
695 3591 847 3686 uicerunt
866 3591 1031 3692 speciem.
1068 3591 1222 3666 DEUT.
1320 3593 1333 3612 ’

613 3683 729 3786 unat
754 3711 775 3786 3
1138 3685 1315 3798 xxvru
1341 3741 1344 3755 .

1267 3119 1313 3205 ⁶4
