3128 4438
310 285 382 362 ²70
695 241 841 346 Historia
866 247 994 352 Eccirs.
1022 247 1140 351 cirisi.

304 441 453 518 hostium
482 431 578 510 ciade
602 429 761 529 superior
787 447 824 506 et
850 427 988 521 viiior,
1013 429 1135 506 amisso
1153 451 1270 509 tameo
1293 430 1395 511 fratre
1408 433 1497 510 Add-

304 541 375 642 piru
402 533 588 621 Nassavio,
622 531 678 604 sed
703 527 813 600 altero
835 551 914 601 cum
946 528 1023 622 ipso
1047 531 1150 602 Duce
1178 535 1312 606 Albano
1341 535 1380 605 ad
1406 534 1497 605 Gen·

304 639 477 730 mingum,
492 649 612 799 ¹prope
639 625 777 698 Amasin
803 623 973 713 fluvium,
998 625 1111 698 vietus
1133 646 1169 698 et
1189 629 1288 724 plane
1310 627 1496 722 prostratur,

303 751 403 826 7000
428 749 488 799 cae
505 749 553 814 rt,
579 745 626 796 20
650 717 754 818 signis
777 721 920 812 amissis,
945 739 980 792 et
1008 729 1051 794 io
1075 725 1247 796 machinis
1271 725 1415 814 bellicis,
1437 722 1497 818 ipse

303 827 367 902 via
385 822 535 918 elapsus,
561 839 598 890 et
620 819 662 894 ad
680 819 822 890 fratrem
839 817 994 894 reversus
1010 815 1071 892 est.
1122 819 1292 915 Princeps
1316 841 1444 916 quoque
1458 817 1499 888 A·

307 917 551 1002 raufionensu,
577 913 730 988 exercitu
754 911 884 1010 uiginti
901 912 985 986 odio
1008 913 1152 988 millium
1174 915 1340 1005 cointio,
1363 913 1497 1008 Belgium

303 1019 444 1116 quidem
470 1011 637 1100 intravit,
664 1008 765 1084 Mosa
791 1008 990 1083 mirabiliter
1008 1010 1174 1105 trajetio,
1200 1011 1405 1107 felicemque
1417 1011 1496 1082 sorte

300 1111 467 1190 habuisset
490 1105 699 1196 successum,
725 1107 780 1180 sed
801 1107 951 1179 Albanus
966 1107 1181 1195 enodando,
1209 1129 1252 1183 ac
1275 1111 1428 1206 praetium
1449 1103 1496 1175 de·

298 1207 500 1296 mediando,
541 1205 652 1302 ipsum
689 1200 730 1276 ad
751 1201 872 1273 incitas
897 1201 1050 1296 redegit,
1085 1205 1171 1277 adeo
1203 1224 1243 1278 ut
1268 1203 1426 1302 pecuniae
1447 1199 1496 1270 de·

299 1305 416 1398 seno,
441 1303 592 1398 indeque
614 1317 693 1372 orto
717 1299 863 1370 miiitum
888 1303 1055 1383 tumultu,
1090 1301 1146 1372 vei
1173 1317 1367 1390 murmure,
1388 1295 1492 1394 pedem

300 1405 449 1486 rescire,
475 1418 510 1469 et
535 1394 729 1468 exercitum
747 1393 944 1480 dimittere,
968 1395 1106 1468 coassus
1131 1394 1250 1471 suerit.

346 1497 379 1596 s.
405 1492 593 1570 cctxlx.
619 1489 701 1588 Quo
725 1511 838 1560 rerum
856 1487 1005 1574 successu
1023 1494 1131 1565 elatus
1152 1494 1305 1566 Albanus
1321 1491 1489 1564 vehemen-

297 1592 365 1670 tius
391 1591 527 1678 surere,
568 1604 606 1659 et
635 1584 901 1684 praerogatiuae
933 1605 973 1656 ac
1010 1585 1211 1660 libertatem
1251 1586 1488 1662 Provinciarum

296 1689 442 1788 pedibus
459 1683 663 1762 conculcare
686 1679 833 1776 incepit.
880 1679 1075 1778 Episcopus
1099 1705 1231 1772 novos,
1267 1685 1323 1758 ubi
1356 1681 1487 1757 nondun

296 1803 414 1878 erant,
450 1781 488 1856 vi
514 1777 731 1867 introduxit,
762 1776 811 1850 uti
838 1775 1042 1872 Groningae
1064 1797 1101 1850 et
1124 1780 1358 1868 Leonatdiae,
1387 1775 1487 1850 conci·

299 1885 384 1960 iium
422 1877 671 1956 Tridentinum
705 1869 911 1982 promulgari
945 1871 1049 1963 fecit,
1080 1875 1307 1970 Magistratus
1338 1871 1483 1958 mutavit,

295 2001 332 2054 et
358 1978 532 2056 violenter
555 1969 734 2056 tradiavit,
759 1989 796 2040 ao
824 1969 912 2041 besso
933 1987 1055 2061 captor
1077 1971 1219 2060 saeviit,
1253 1971 1388 2046 taudem
1409 1965 1485 2040 deci·

294 2073 378 2172 mis,
406 2065 598 2150 viceslmisst
624 2083 659 2170 {t
675 2058 874 2133 centesimis
898 2065 1062 2158 populum
1087 2069 1271 2157 oneravit,
1306 2086 1343 2140 et
1373 2063 1482 2156 expila-

292 2167 357 2252 yit.
401 2161 480 2260 Qua
507 2155 689 2254 tyrannide
714 2151 842 2228 sudium
871 2155 940 2246 est,
965 2180 1003 2232 ut
1028 2159 1202 2243 omnium,
1229 2185 1297 2236 non
1321 2159 1483 2235 Reforma-

294 2281 409 2338 totum
434 2275 588 2344 tantum,
623 2251 679 2326 sed
703 2249 852 2345 ipsorum
880 2253 1011 2351 ubique¹
1039 2257 1306 2334 Pontificio'tum
1330 2253 1423 2330 animi
1448 2253 1481 2322 ab

290 2356 367 2454 ipso
402 2352 534 2428 suerint
574 2345 774 2436 abalienati,
816 2368 852 2420 et
892 2349 934 2422 ad
978 2353 1168 2426 Auriacum
1204 2355 1375 2444 inclinati,
1408 2345 1478 2421 sicut

270 2477 325 2528 .a.
354 2471 459 2544 ¹572·
486 2445 646 2540 inprimis
668 2443 835 2538 adparuit.
884 2444 1048 2542 Princeps
1081 2449 1272 2534 Auriacus,
1307 2453 1398 2523 rebus
1423 2441 1477 2514 suuis
1524 2461 1540 2526 J

292 2548 377 2623 iicet
404 2541 555 2636 dilapsis,
580 2541 698 2614 auimo
716 2537 887 2626 resumto,
914 2563 1021 2616 novas
1036 2539 1216 2640 recollegit
1235 2547 1401 2621 viresnon
1417 2557 1474 2610 tau·
1539 2543 1540 2548 ’

291 2661 385 2730 turn,
421 2641 496 2725 sed,
539 2637 708 2732 prudente
738 2633 923 2708 admodum
959 2635 1122 2710 Franciae
1145 2642 1307 2719 dmiraiii
1342 2629 1473 2798 ΐοῐίῗῠῖῐ

291 2739 456 2826 consilio,
484 2735 679 2812 libertatem
702 2730 800 2806 dedit
820 2731 943 2824 piratis
968 2755 1061 2807 mate
1085 2733 1292 2829 infestandi,
1316 2755 1350 2810 et
1367 2730 1410 2805 Hi
1426 2749 1474 2824 pa·

293 2833 386 2912 dicas
412 2853 518 2907 naues
539 2825 747 2922 diripiendi,
778 2830 857 2923 qui,
894 2825 1002 2916 Geuſst
1026 2834 1172 2924 aquatici
1203 2815 1472 2932 (Warergeustu)

290 2928 395 3020 dieti,
429 2923 589 3024 ingentia
615 2921 769 2997 hostibus
798 2921 995 2996 adtulerunt
1026 2927 1069 2998 ab
1097 2951 1126 3001 a.
1156 2931 1261 3020 1569.
1288 2931 1417 3006 damna,
1445 2930 1475 2985 et

292 3047 472 3126 parmate
498 3019 664 3106 dominati
689 3021 783 3106 sunt,
816 3017 889 3091 imo
913 3018 1023 3114 prima
1057 3023 1272 3099 iiberattonis
1300 3011 1474 3099 Provincia

292 3147 367 3210 tum
405 3119 625 3194 sundameuta
651 3114 812 3210 jecerunt
843 3135 906 3208 per
937 3115 1080 3190 Brieiam
1114 3141 1344 3215 occupatam,
1390 3112 1472 3208 plane

318 3238 427 3292 taeter
454 3215 568 3308 spem,
596 3213 694 3285 classe
717 3233 762 3283 eo
786 3230 847 3304 pet
865 3209 1103 3304 tempestatem
1121 3215 1252 3304 desita,
1280 3219 1336 3290 sub
1360 3205 1472 3288 nmiu-

290 3243 339 3390 iio
372 3305 755 3412 iiiiilielmo‘irumaeo
786 3328 815 3376 a.
846 3327 950 3396 1572.
1000 3307 1147 3404 Quando
1175 3311 1356 3396 Autiaeus,
1392 3293 1472 3375 novis

291 3407 445 3486 coiietiis
481 3399 610 3495 copiis,
652 3423 731 3475 cum
774 3397 882 3475 fratre
914 3399 1096 3476 Ludovico
1125 3407 1239 3479 denuo
1271 3410 1306 3482 in
1339 3398 1470 3496 nogium

289 3507 504 3595 irrumpens,
537 3499 659 3570 multas
691 3495 791 3567 urbes
821 3495 857 3570 in
890 3495 1077 3573 Hoilandia
1103 3522 1140 3575 et
1162 3503 1325 3578 Zeiandia
1345 3505 1468 3599 occup2·

289 3605 363 3694 vit,
397 3596 588 3688 ilisitnpam
612 3613 647 3664 et
675 3590 887 3676 Enchusam,
921 3595 1046 3686 primas
1071 3595 1235 3671 libertatis
1263 3601 1372 3685 sedes,
1393 3577 1469 3662 titas·

288 3721 356 3798 que
379 3693 582 3774 deseiiiouc
606 3687 760 3789 recepit,
787 3687 836 3765 ita
860 3709 897 3766 ut
922 3713 993 3764 uno
1015 3691 1078 3768 iiio
1093 3717 1186 3772 anno
1203 3693 1399 3773 Provinciae
1411 3679 1471 3838 feri

1372 3791 1456 3857 omlis
