3000 4800
124 632 200 753 r10
539 663 688 762 Historia
706 660 841 763 'Eccitfi
868 664 983 770 cirisi.

148 832 422 952 gustinianorirm
452 843 654 934 Vicarium,
681 848 780 943 *quod
804 847 1068 943 persuasrffimnt
1099 846 1161 940 iit,
1194 851 1377 947 Papatnm-

137 969 269 1026 ,veram
308 964 344 1014 et
379 963 576 1036 germanam
624 935 694 1014 effe
735 945 932 1038 Atrectum
960 950 1083 1042 sedem.
1131 949 1233 1024 Alter
1272 966 1375 1020 vero:

147 1047 238 1121 liber
257 1037 307 1112 est
322 1040 367 1111 de
384 1041 577 1129 captivitate
601 1038 803 1134 Babylonica
819 1042 1066 1133 Ecclesiae.„in
1085 1067 1157 1138 quo
1173 1040 1375 1137 praecipue,

146 1145 353 1220 denatura,
379 1145 457 1220 ula,
490 1154 524 1202 et
550 1154 694 1206 numero
715 1136 1004 1212 sacramentorum
1029 1139 1123 1235 agit,
1154 1143 1359 1232 docetque,

148 1233 296 1335 primam
339 1229 574 1322 captivitatem
600 1229 803 1322 sacramenti
835 1233 954 1304 aitaris
985 1234 1054 1307 ess'e
1086 1233 1375 1307 subtractionem

147 1328 288 1414 calicia,
307 1326 501 1410 secundam,
523 1326 864 1398 tranl'ubstanuouem
883 1327 1029 1400 firmiter
1043 1332 1276 1416 credendam,
1289 1347 1366 1400 ter·

146 1431 254 1508 titan,
282 1445 326 1493 ea
352 1419 447 1491 mill'a
472 1417 599 1491 latium
621 1422 843 1511 sacrificinm,
863 1423 1067 1517 ‚septenario
1089 1448 1178 1498 vero
1209 1445 1364 1496 numero-

148 1523 441 1596 sacramentorum
458 1514 659 1610 repudiato,
689 1520 756 1586 tria
772 1538 904 1590 tantum
921 1521 1098 1613 agnoscit,
1125 1518 1364 1615 baptismum„

145 1613 420 1714 poenitentiam,
439 1628 473 1680 et
492 1610 748 1683 eucharistiam.
799 1613 979 1709 Denique.
1007 1618 1099 1712 quod
1116 1615 1226 1689 notari
1243 1636 1364 1686 mere·

145 1731 226 1798 tur,
270 1725 393 1802 optare
427 1703 461 1775 se
491 1705 595 1790 dicit,
639 1727 701 1792 ut,
731 1710 894 1780 omnibus
926 1709 1019 1782 libris
1050 1712 1095 1782 de
1125 1708 1365 1803 indulgentiia

146 1802 296 1890 caustis,
322 1803 408 1873 haec
433 1797 652 1878 substituatur
674 1800 796 1887 tlte-sta,
821 1805 1040 1897 indulgentiae
1048 1805 1130 1899 sunt
1147 1800 1370 1880 adulatorium

146 1902 363 1976 Romanorum
390 1897 572 1988 nequitiae:
607 1894 735 1966 exustis
759 1920 918 1993 quoque,
944 1922 1032 1994 quae
1048 1903 1183 1996 dejure
1202 1901 1365 1973 humano.

144 1998 294 2090 napata
319 1992 353 2063 in
377 1993 527 2062 medium
552 1989 693 2079 adtulit,
720 1991 809 2064 baec
831 1992 958 2084 tltefia,
981 1995 1128 2090 Papatus
1153 1995 1200 2091 est
1220 1993 1365 2086 robusta

147 2093 277 2169 roratio
303 2086 446 2159 Romani
469 2084 631 2178 Episcopi
673 2102 675 2107 '
764 2147 766 2150 Α

162 2185 223 2285 ·§.
250 2181 390 2264 XVlll.
416 2180 580 2254 Tandem
603 2178 766 2255 confecia
789 2178 842 2254 est
863 2179 989 2255 famam
1011 2184 1145 2260 Leonis
1163 2191 1208 2264 X.
1234 2187 1364 2278 Bulla,

144 2281 326 2384 postquam
337 2279 467 2373 negari
480 2278 611 2370 Papae,
630 2276 666 2349 in
685 2275 803 2373 primis
821 2279 960 2368 Eccius,
979 2279 1130 2354 Romam
1148 2281 1353 2370 rediiffenr,

146 2401 185 2454 et·
200 2379 330 2470 -Papam
355 2377 399 2444 ad
426 2373 507 2444 illud
531 2372 753 2460 incimffent;
785 2396 850 2467 qua
872 2373 1128 2468 propositiones
1150 2403 1171 2451 e
1198 2374 1362 2468 Lutberi.

144 2471 243 2550 libris
282 2485 487 2556 excerptae,
527 2462 651 2558 partim
683 2484 723 2535 ut
753 2465 935 2538 manifeste
971 2469 1186 2560 baereticae,
1219 2470 1358 2566 partim,

142 2589 185 2644 ut
207 2561 438 2647 scandalolae,
469 2574 507 2629 et·
534 2557 759 2646 temerariae,
783 2562 1079 2652 condemnamur,
1105 2568 1260 2640 Lutlrero
1284 2565 1360 2662 ipa

143 2656 376 2741 dieadicitur,
401 2677 471 2748 quo
488 2652 768 2725 retraciationem
787 2656 996 2743 velmittat,
1016 2663 1069 2732 vel
1097 2663 1171 2756 ipse
1192 2661 1324 2736 adferat
1336 2715 1359 2754 ,‚

140 2761 305 2836 Romam.
331 2749 412 2845 Quo
430 2749 593 2842 neglecta
606 2750 796 2821 declaratur
813 2755 1134 2831 excommunicatus
1146 2757 1352 2839 ¹cumomni·

143 2858 209 2932 but
230 2845 376 2921 adseclia
390 2864 427 2916 et
446 2842 625 2937 patronis,
641 2847 766 2938 quibua
781 2843 884 2916 etiam
904 2847 1107 2939 intimatur,
1133 2846 1359 2947 privationes

142 2968 182 3025 ct
208 2941 399 3020 amilitnnca
431 2960 501 3010 non
525 2935 631 3010 solnm
657 2936 975 3014 Ecclefiasticorum,
995 2967 1197 3036 munerum,
1230 2948 1286 3020 sed
1311 2967 1358 3022 et,

140 3057 351 3139 regnorum,
380 3034 576 3116 ditionum,
605 3054 643 3107 et
668 3037 823 3105 omnium
844 3040 1024 3115 bonorum·
1069 3041 1160 3116 Data
1184 3042 1234 3116 est
1258 3040 1354 3131 haec.

140 3160 219 3217 tota
245 3129 396 3219 tumida,
421 3125 617 3218 fastidiosa,
637 3149 673 3199 et
692 3133 911 3223 arrogantiae
929 3134 1045 3228 plena,
1072 3139 1160 3211 bulla
1183 3138 1292 3212 Eccio
1308 3141 1355 3215 io.

139 3227 365 3311 Germaniam
391 3224 601 3308 deferenda,
619 3245 698 3297 curn
725 3247 871 3297 munere.
890 3244 925 3297 et
948 3229 1051 3302 titulo
1065 3230 1200 3314 Nuncii
1218 3227 1352 3328 Papae,

134 3350 176 3407 ut
190 3349 265 3400 eam
284 3321 458 3420 publicare
475 3337 629 3407 curaret,
647 3319 740 3415 quod
759 3340 871 3393 tamen
891 3343 957 3395 nec
972 3323 1115 3419 ubique,
1130 3351 1198 3401 nec
1215 3326 1353 3420 facile,

138 3423 308 3502 effebum
330 3415 391 3491 est.
439 3414 569 3489 Primus
593 3416 633 3487 ad
659 3415 929 3510 publicationem
953 3417 1129 3495 festinavit
1154 3425 1355 3522 Episcopuc

138 3512 345 3601 Milnenstr,
378 3511 540 3584 Luthero
564 3509 831 3600 inienstfftmut,
846 3513 936 3604 quod
955 3514 1075 3607 idem,
1103 3519 1168 3592 sed-¹
1187 3519 1265 3614 post
1287 3521 1349 3594 ali·

137 3637 241 3715 quam
282 3605 507 3692 dilationem,
548 3604 631 3677 fecit
667 3605 965 3700 Merlburgensrs3
992 3611 1056 3703 sed.
1086 3613 1352 3712 Bambergepfin

136 3702 322 3790 recusavit.
369 3699 504 3797 Lipstae
525 3699 578 3772 est
600 3698 792 3774 astudiofia
815 3703 931 3789 irrisa,
965 3723 1002 3776 et
1025 3712 1224 3785 contemtui
1248 3701 1353 3787 nabi.

136 3824 195 3896 a,
221 3800 412 3897 Episcopus
436 3796 757 3891 Brandenburgicua
779 3798 945 3892 publicare
970 3799 1109 3896 quidem
1125 3803 1274 3894 voluit,
1288 3806 1350 3882 sed

135 3924 209 3983 non
234 3895 285 3971 est
308 3895 415 3970 ausut.
467 3889 676 3965 Erfurtenlie
698 3914 784 3964 veto
810 3892 997 3977 Academia
1021 3897 1055 3969 in
1071 3897 1178 3995 ipsum
1194 3902 1349 3980 Ecciuna

132 3991 338 4082 insurrexit,
361 3990 510 4085 juvenes
534 3985 655 4058 armati
682 4006 760 4058 eum
777 3987 955 4075 obsident,
982 3993 1106 4067 bullam
1132 3990 1348 4089 dilacerant,

128 4114 171 4189 pp
186 4093 358 4192 inaquam
372 4082 588 4183 conjiciunt..
617 4080 891 4181 Ulricat-autem
907 4087 1106 4184 Huttenua,
1122 4094 1222 4190 cujus
1241 4082 1348 4206 supra

227 4230 235 4245 ⁰
265 4230 271 4249 ¹
1172 4205 1349 4284 memmfp,
