3000 4800
125 646 215 739 &aru
514 622 957 739 unua-nuatum.

134 812 242 893 Erico
273 803 418 885 Trossio
448 800 535 895 esset
563 805 602 882 in
630 808 1027 911 gubernationeregni·
1041 810 1235 908 praelator,
1264 808 1371 909 filius,

70 958 73 963 -
134 907 234 993 lirici
259 903 451 993 Gustavua,
490 902 558 975 hoc
578 904 782 999 aegerrime
813 908 948 994 setena,
982 906 1191 989 clandestina
1214 902 1371 983 confilio-

136 1028 218 1101 eum
237 998 466 1087 christierno,
493 997 623 1071 Druiae
642 1000 767 1097 Rege,
790 999 895 1091 iniit,
912 1005 954 1077 ad
973 1004 1119 1077 Patriam
1148 1002 1257 1077 Danit
1282 1000 1385 1079 sub·.

135 1098 340 1202 jiciendam.
393 1094 559 1184 ncceffir,
586 1092 721 1170 Clerum
747 1098 974 1173 Pontificium
992 1118 1125 1194 partem
1141 1098 1287 1191 aliquam
1302 1119 1361 1171 re·

139 1198 293 1281 diruam,
327 1190 455 1265 summa
479 1190 561 1263 licet
590 1188 776 1287 flagitante
800 1194 1021 1284 necessrtate,
1052 1194 1090 1268 in
1110 1194 1268 1291 publicos
1295 1214 1361 1266 no·

139 1290 234 1368 luisse
259 1311 404 1383 erogare
428 1283 514 1359 usus.

159 1464 162 1469 ,
191 1384 223 1484 s.
251 1382 390 1456 CLXX.
416 1378 580 1455 Procesiit
604 1380 642 1453 in
670 1379 740 1453 hoc
763 1402 872 1477 opere
897 1382 997 1470 Rex,
1023 1380 1217 1479 prudenter
1234 1379 1357 1469 simul,

141 1482 238 1557 strnul
272 1478 470 1573 intrepide,
504 1491 626 1571 contra
664 1480 782 1551 omnia
814 1474 986 1551 obstacula
1015 1476 1192 1574 insurgens
1222 1476 1360 1550 animo·

141 1576 219 1653 siut.
275 1574 378 1671 Quod
415 1572 608 1645 summatim
640 1570 759 1645 ordine
795 1574 972 1648 enarrabo.
1026 1597 1056 1649 1.
1081 1575 1362 1663 Concionatorta

159 1666 299 1747 'uriorir
320 1666 498 1741 dosirinae
522 1662 651 1739 accivit
674 1690 705 1741 a.
731 1688 837 1759 1525.
863 1668 1111 1765 Witteberga,
1125 1690 1173 1743 et
1201 1668 1361 1741 Verbum

184 1766 217 1843 ei
241 1764 368 1861 ubique
394 1762 481 1835 fecit
504 1760 718 1851 adnunciari,
743 1762 832 1837 Olao
855 1760 992 1859 pastore
1016 1762 1211 1839 Holmieost
1227 1760 1364 1837 consti·

145 1884 240 1945 tuto.
290 1858 329 1933 π.
349 1856 479 1931 Nimio
502 1854 596 1929 duell
622 1858 700 1931 zelo
723 1879 803 1933 cum
825 1856 863 1932 in
890 1858 978 1934 titur
1008 1880 1191 1954 receptor,
1213 1878 1251 1931 et
1274 1858 1365 1931 doc·

144 1958 269 2033 trinam
300 1954 527 2041 detonarent,
567 1949 778 2061 magnosque
809 1972 926 2028 motua
959 1958 1180 2032 concitarent
1212 1954 1361 2029 Zelutte

146 2048 253 2149 aliqui
280 2048 566 2137 concionatores,
598 2046 740 2141 fanatica
764 2064 940 2147 praeterea
963 2051 1122 2125 nonnulli
1147 2050 1363 2145 Anabaptis·

145 2170 225 2240 tae,
248 2167 396 2240 quorum
419 2140 600 2240 praecipui
627 2140 766 2217 suerunt
790 2144 972 2219 Melchior
996 2146 1134 2220 Rinlms
1157 2167 1193 2218 et
1220 2148 1366 2239 Cnope·

149 2268 209 2331 aua
237 2240 400 2337 Delling,
425 2261 469 2312 ex
494 2238 677 2313 Germania
702 2261 781 2315 cum
807 2238 987 2316 Hollandia
1003 2244 1229 2338 trajicientes,
1255 2240 1364 2315 Stolr·

148 2339 299 2415 holmiae
323 2337 510 2431 Templum
533 2353 765 2429 occuparent,
788 2332 934 2424 statuta,
958 2336 1146 2434 imagines,
1172 2334 1241 2431 ipsa
1259 2358 1364 2430 orga-

148 2460 214 2522 na,
240 2430 396 2524 Ttmplir
418 2431 602 2523 ejicerent,
637 2430 843 2521 plebemque
866 2431 1045 2506 efficerent
1073 2434 1365 2527 tumultuantem,

147 2528 221 2615 sese
253 2524 450 2598 turbulento
484 2522 567 2593 huic
596 2519 709 2595 studio
742 2520 884 2596 sortiter
917 2528 1096 2621 opposuit,
1129 2545 1164 2599 et
1190 2526 1365 2602 fanaticor

149 2642 261 2717 tegno
286 2618 431 2711 expulit.
482 2637 514 2707 3.
539 2617 678 2689 Sacram
700 2619 907 2713 scripturam
939 2627 975 2697 in
1000 2624 1148 2719 linguam
1175 2622 1362 2698 Suecicam

153 2710 332 2793 transferri
362 2714 403 2785 ab
435 2708 523 2784 Olro
556 2709 648 2783 Petri
684 2715 839 2803 cutavit,
870 2735 909 2789 et
932 2741 994 2813 per
1016 2742 1162 2813 regnum
1189 2718 1225 2790 in
1250 2717 1364 2814 publi·

150 2835 233 2891 cum
258 2808 352 2883 usum
376 2803 476 2881 misit.
523 2828 558 2897 4.
585 2806 638 2881 Ut
663 2830 748 2881 vero
774 2809 879 2885 animi
905 2813 950 2886 de
972 2812 1120 2889 veritate
1135 2814 1262 2887 teeiiur
1279 2834 1366 2887 con·

153 2908 397 2997 vincerentur,
429 2920 465 2973 et
498 2900 643 2976 Clericia
672 2902 861 2979 Pontificiir
890 2931 929 2980 or
958 2906 1217 2995 obstrueretur,
1251 2908 1367 3004 publi·

152 3026 231 3089 eam
257 2995 404 3075 instituit
434 2993 592 3093 Upsaliae
620 2997 908 3095 disputationem,
943 3004 978 3077 in
1012 3028 1077 3102 qua
1106 3002 1366 3081 catholicorum

31 3126 36 3141 ¹
151 3119 271 3200 partes
295 3094 369 3188 egit
394 3094 514 3167 Petrus
540 3090 667 3184 Gallei,
691 3094 862 3170 Professor
883 3094 1106 3196 Theologur,
1139 3120 1175 3173 et
1197 3100 1367 3175 reforma·

155 3215 273 3271 torum
300 3191 402 3266 Olaua
426 3188 541 3276 Petri3
572 3190 770 3284 euangelica
801 3194 887 3265 ve'ro
918 3194 1015 3266 causa
1040 3195 1141 3266 facile
1172 3194 1367 3287 triumpha·

151 3288 231 3378 vfit,
255 3284 334 3382 quia
358 3307 427 3360 'tou
451 3282 513 3359 nist
538 3302 583 3356 ex
608 3283 783 3378 Scriptura
804 3286 1041 3379 disputandum
1059 3304 1143 3360 erat.
1182 3288 1365 3375 ‚Ceterum

153 3384 231 3462 aila
255 3382 356 3477 hujus
381 3377 546 3473 colloquii
568 3380 743 3456 recensuit
768 3381 818 3455 Cl.
847 3384 980 3459 Gctdct
1007 3384 1029 3457 l.
1048 3383 1135 3473 cin,
1159 3380 1365 3456 interdura·

152 3496 264 3559 menta
289 3500 383 3552 num.
408 3474 572 3566 xvsti,
597 3472 739 3573 suntque
763 3474 854 3552 testu
878 3478 993 3572 digna.

201 3576 234 3676 §-
257 3573 415 3648 CLXXI.
446 3591 482 3663 5.
506 3569 666 3645 Comitiir
695 3595 725 3647 a.
757 3595 865 3665 1527.
900 3573 1057 3671 Upsaliae
1082 3571 1226 3664 habitis,
1251 3572 1367 3648 sacro·

151 3694 231 3749 rum
253 3664 554 3753 emendationem,
579 3665 742 3743 abusuum
767 3669 1015 3758 abolitionem,
1039 3689 1217 3767 praeterea
1241 3672 1365 3746 Eccle-

151 3765 366 3845 ssasticotum
407 3761 754 3930 praediaetopea,
787 3764 904 3853 luxui,
929 3764 1051 3857 fastui,
1075 3786 1112 3839 et
1136 3765 1367 3842 seditionibus

152 3864 290 3952 u‘etiur,
317 3879 419 3958 quam
446 3874 592 3951 pretatr,
622 3879 659 3930 m
675 3860 869 3948 ervienter,
894 3862 935 3933 ad
958 3882 1158 3937 communen
1181 3861 1366 3959 Reipubli-

151 3966 215 4057 c'ae
236 3956 333 4049 usur,
357 3948 486 4028 resisti·
509 3946 703 4029 necessatiit
732 3955 888 4031 suufidiis
913 3954 1035 4046 Clero,
1061 3953 1258 4047 transferri,
1282 3956 1365 4052 pos·

148 4054 290 4167 talant,
334 4050 437 4159 Quae
454 4046 572 4133 omnia
597 4048 737 4133 decreta
760 4053 857 4149 suut,
883 4048 1007 4130 frustra
1022 4052 1364 4228 renitentibpgfiPuu-

1241 4169 1360 4227 acrae
