3148 4434
480 139 801 234 'aarum
861 233 865 242 ,
1222 108 1303 264 a„

75 337 202 422 mundi
232 357 340 436 regna
364 333 433 410 ell'e
458 330 689 444 subjicienda,
714 357 776 434 per
799 335 1002 437 singularem
1030 340 1100 418 Dei
1125 343 1294 423 discisio-

77 461 186 530 nem,
217 437 452 534 Regnumque
484 428 610 530 Christi
641 433 826 526 gloriosum
859 459 901 509 ae
931 458 1114 516 externum
1147 463 1232 518 tunc
1256 448 1294 517 in

78 556 176 610 terra
206 533 380 619 loturum,
416 527 520 624 inpiis
553 531 714 602 omnibus
745 530 923 627 subjebiis,
956 536 1013 610 vel
1039 539 1186 632 deletis,
1213 561 1295 614 cum

79 629 310 730 potestatibus
336 623 527 699 mundanis.
1240 656 1284 700 ·..

75 751 81 760 ·
135 725 167 826 5.
192 719 447 798 CCCCLVlll.
480 729 512 800 8.
538 719 592 792 Ad
618 718 708 794 hanc
730 743 835 818 porro
859 721 969 800 vitam
987 722 1296 823 introducendam

80 845 123 898 et
144 821 411 920 perficiendam,
437 816 470 889 se
497 814 565 889 effe
586 815 776 890 inmediate
800 821 917 893 aDeo
941 821 1108 915 ereetum,
1135 830 1191 902 via
1209 845 1297 924 quo·

81 943 152 1016 que
184 915 376 1012 specialiter
416 912 620 1002 monstrata,
663 915 861 1008 praetendit
904 915 1040 1008 David,
1080 943 1143 1015 per
1180 926 1294 1000 visum

61 1014 256 1114 -quoddam
289 1013 470 1104 diuinum,
503 1027 538 1080 et
572 1005 739 1084 ncnurna
771 1011 937 1108 quaedam
966 1012 1099 1090 somnia
1124 1039 1153 1093 a.
1186 1027 1294 1114 1536.

82 1110 232 1210 Jejuniis
263 1107 357 1178 enim
382 1125 419 1178 et
444 1103 602 1198 precibus
629 1123 721 1178 totus
751 1107 912 1196 deditus,
948 1127 994 1181 ut'
1012 1131 1127 1188 narrat
1152 1117 1296 1189 Ble-ildi-

81 1211 180 1295 lrius,
207 1223 244 1275 et
273 1204 308 1272 in
332 1199 472 1272 ecllafin
497 1221 633 1303 raptus,
651 1201 840 1294 ¹vidit,1ut
865 1203 1209 1303 putavit,·puerulos
1229 1214 1296 1284 ali·

85 1323 170 1399 quot
197 1299 352 1373 manibus
376 1295 595 1391 plaudentes,
623 1295 871 1393 tripudiantes,
896 1300 1029 1397 aliaque
1058 1305 1295 1408 laetitiaesrg'·

82 1395 317 1479 medentes,
353 1391 462 1488 risque
493 1393 612 1488 polleo
643 1393 752 1468 totius
783 1397 877 1471 ‘orbis
910 1397 1026 1494 Reges
1050 1419 1087 1473 et
1112 1403 1296 1499 Principes

81 1497 193 1570 fabios
225 1488 414 1584 supplices,
448 1487 586 1584 seseque
617 1509 699 1562 cum
734 1492 892 1564 omnibus
917 1495 1129 1570 ornamentis
1152 1501 1295 1573 submit·

81 1610 214 1664 tentes:
247 1589 326 1656 dein
361 1584 397 1655 in
432 1587 586 1678 opposita
612 1583 756 1678 parietis
788 1608 885 1681 parte
910 1589 1001 1664 vidit
1037 1592 1198 1666 mulieres
1230 1617 1295 1668 nu·

80 1691 160 1775 das,
187 1682 269 1755 dein
296 1679 331 1752 in
359 1681 536 1753 columbas
562 1683 692 1758 versus,
720 1681 823 1776 seque
848 1684 1046 1756 columbum
1067 1685 1194 1758 fabium
1215 1711 1295 1766 com

79 1785 147 1858 illis
172 1776 310 1863 coiisse,
336 1774 468 1874 easque
484 1773 733 1870 inpraegnaslc.
782 1777 867 1847 Hoc
891 1773 1000 1870 ipsum
1026 1777 1137 1851 visum
1158 1803 1220 1875 pro
1242 1801 1296 1853 to·

84 1881 155 1953 tius
186 1872 366 1946 doblrinae
399 1872 471 1964 ejus
501 1871 646 1942 habetur
672 1867 927 1958 fundamento,
953 1869 1015 1944 cui
1042 1875 1156 1947 omnia
1179 1877 1297 1974 supet·

79 1973 226 2055 struxit,
259 1989 297 2039 ut
325 1969 467 2038 devita
502 1965 677 2060 perfetta,
711 1983 746 2036 et
770 1965 948 2062 primaeva
974 1983 1053 2042 ante
1080 1971 1208 2067 lapsum
1242 1975 1298 2050 in·

84 2067 270 2166 tegruno,
297 2062 518 2149 innocentia,
543 2083 577 2132 et
599 2059 747 2158 justitia,
774 2063 1012 2157 pudendorum
1037 2065 1165 2140 subiato
1184 2071 1296 2164 pudor
1336 2055 1349 2066 ⁸

80 2193 143 2255 ιε,
177 2156 374 2256 promiscuo
409 2157 619 2247 concubitu,
656 2154 816 2230 libertate
841 2159 1022 2254 perlem,
1061 2163 1106 2236 de
1140 2165 1297 2241 omnium
1366 2199 1369 2208 ·

81 2259 296 2362 patellarum
324 2252 557 2349 lubjeblione,
583 2272 652 2329 etc.
704 2273 739 2344 9.
768 2255 882 2325 Status
905 2255 1018 2352 itaque
1037 2259 1138 2355 hujus
1160 2263 1297 2336 causam

78 2351 376 2436 instrumentalem
412 2349 587 2423 Davidem
623 2349 712 2440 elle,
745 2348 919 2444 espiritu
943 2351 1299 2470 Christi,²bucusque

76 2455 174 2550 apud
200 2449 315 2520 Deum
340 2445 536 2532 occultato,
563 2447 775 2541 regenitum,
802 2467 952 2543 eumque
979 2447 1014 2520 in
1043 2449 1075 2521 se
1095 2451 1225 2524 babere
1243 2474 1299 2526 rna

81 2549 318 2630 habitantem,
344 2540 459 2614 secum
486 2540 708 2634 personaliter
732 2542 875 2617 unitum.
919 2542 1090 2618 Christum
1107 2564 1297 2642 propterea
1368 2595 1372 2605 ·

81 2643 279 2728 Davidem,
314 2637 353 2708 ad
389 2660 490 2733 quem
522 2657 645 2708 omnes
677 2635 880 2730 Prophetiao
911 2656 948 2709 et
977 2640 1051 2735 typi
1089 2642 1211 2714 ultimo
1243 2667 1298 2717 re.

82 2747 294 2837 spelierunt,
335 2733 564 2827 Prophetam,
605 2748 720 2840 quem·
746 2733 865 2806 Moses
894 2732 997 2808 instar
1033 2735 1082 2810 sui
1115 2740 1296 2833 promisrt,

83 2835 321 2914 Paracletum,
354 2851 374 2901 a
408 2825 547 2900 Christo
581 2828 812 2915 mittendum,
845 2829 1062 2922 Spirituatem
1097 2834 1297 2927 bominem,
1372 2875 1374 2880 v

84 2933 149 3028 qui
180 2952 201 3001 a
234 2925 373 2998 nemine
407 2922 602 3018 judicatur,
636 2921 770 2995 Christo
802 2922 877 3018 ipso
909 2925 1096 3020 majorem,
1129 2953 1298 3026 quantum

85 3025 243 3124 spiritus
268 3017 317 3092 est
339 3015 454 3104 littera
479 3019 608 3112 major,
634 3037 753 3091 contra
770 3040 870 3114 quem
889 3019 1159 3114 blasphemando·
1175 3051 1299 3122 peccat

83 3149 153 3208 re,
178 3114 304 3191 nec-ei
327 3111 361 3186 se
386 3114 622 3210 adjungendo,
649 3113 698 3188 est
725 3134 848 3190 contra
872 3117 1043 3210 Spiritum
1069 3123 1103 3196 S.
1129 3142 1298 3220 peccare,
1372 3168 1376 3180 ι

87 3215 151 3318 qui
177 3214 282 3286 etiarn
308 3210 471 3304 mundum
495 3210 620 3298 ultimo
646 3209 833 3300 judicabit,
868 3235 1034 3288 unacum
1063 3218 1127 3304 ils,
1154 3220 1300 3314 quiem

85 3307 235 3391 rundem
269 3305 345 3378 sunt
374 3306 568 3378 animorum
598 3327 634 3378 et
665 3299 880 3397 adfectuum,
914 3327 950 3382 et
977 3315 1097 3384 orbern
1123 3311 1299 3410 subjiciet,

82 3405 268 3488 Christum
294 3423 379 3474 vero
406 3403 498 3476 hunc
524 3401 671 3476 Davidia
692 3401 860 3492 Spiritum
886 3408 1123 3502 praefigurasse
1143 3430 1300 3496 tantum,

85 3527 134 3580 et
158 3501 251 3574 viam
278 3495 453 3586 straville,
478 3517 514 3570 et
539 3517 630 3571 nunc
654 3497 686 3567 in
710 3499 886 3572 Davidico
910 3501 1042 3596 Spiritu
1068 3503 1137 3574 elle
1160 3502 1301 3599 perfici·

86 3597 236 3676 endum.
288 3617 341 3664 lo.
370 3595 477 3671 Porro
501 3592 541 3670 in
560 3594 811 3672 communione
835 3619 923 3676 curn
940 3599 1010 3672 boc
1034 3595 1173 3672 Christo
1196 3596 1305 3680 Davi.

74 3745 94 3788 (
148 3689 345 3778 Tem-Vll.
633 3687 767 3768 Mmm
1174 3803 1176 3808 Ι
1259 3691 1304 3770 ἀρ
