3148 4434
459 218 474 290 .'
535 227 659 322 'Steul
699 235 802 318 XVI.
875 251 881 261 '
1121 213 1151 301 '.
1219 261 1291 347 339

62 419 165 496 etiam
190 407 304 498 'verba
328 417 490 498 Stanlssai
515 421 726 511 Lubientlri,
753 443 797 494 eo
813 419 1019 515 spectantia,
1046 424 1282 520 proferuntur.

59 517 218 590 Fratrum
249 539 349 592 vero
381 518 523 592 unitatis
561 521 792 604 Bolremicae,
827 523 896 591 lroc
920 519 998 610 ipso
1030 545 1145 594 rerum
1170 523 1278 614 liutu,

60 609 311 688 confessionem
340 615 543 688 obtulerunt
567 613 787 708 sigismundo
814 615 882 702 ll,
914 613 1114 706 Euangelicr
1134 620 1282 713 majoris

60 707 243 796 Poloniae,
264 708 313 780 in
341 709 499 782 comitiis
521 707 733 795 Varsovite‚
761 706 817 802 qui
838 731 916 780 earn
944 727 1103 804 tauquam
1119 735 1278 788 commu·

64 801 100 872 ni
129 799 205 874 fidei
236 801 510 876 consentaneam
540 801 764 898 adprobavit,
804 803 914 898 iisque
943 825 1064 898 pacem
1096 807 1279 903 promisit,
1358 809 1361 814 ’

63 917 91 968 a.
125 904 226 992 1563.
283 897 428 988 Interea
465 897 554 972 haud
597 921 718 993 parurn
758 895 963 970 dilaceratae
998 899 1074 976 sunt
1107 904 1281 999 Ecclefiae

61 989 321 1084 quaestionibua
342 992 441 1072 circa
457 992 689 1080 Trinitatem,
713 1011 815 1079 cum,
840 991 886 1065 fic
902 991 1021 1080 dietis,
1048 999 1275 1090 Autitrinita·l

61 1085 136 1174 tiit,
160 1109 319 1184 quorum
338 1083 529 1184 ¹praecipui
565 1085 728 1175 suerunt,
761 1108 897 1182 praeter
925 1091 1144 1184 stantarum,
1178 1097 1287 1189 cujus·

59 1181 170 1274 suprt,
192 1200 230 1254 et
248 1175 360 1274 alibi,
385 1181 541 1272 memini,
569 1182 744 1275 Georgius
773 1183 973 1272 Blandrata,
1006 1187 1211 1283 Theologut
1236 1206 1275 1262 et

62 1273 225 1354 Medicus
249 1275 340 1352 satir
366 1279 533 1364 celebris,
558 1278 680 1350 Petrus
703 1276 871 1349 Statorius
897 1277 934 1346 T
935 1280 1144 1370 onvillanus,
1174 1287 1276 1356 l'rane

63 1369 164 1446 ciscut
196 1368 446 1460 Lismaninue,
479 1373 598 1446 Paulus
632 1371 783 1444 Alciatue
817 1373 1110 1464 Mediolanensit,
1134 1379 1275 1466 ,Valen-

62 1463 148 1539 tinus
174 1467 358 1556 Gentilit‚
392 1468 582 1542 Betuardut
606 1467 783 1554 Oclrinut,
825 1469 947 1542 Paulus
980 1470 1153 1564 Orlrciut,
1179 1493 1214 1546 et
1239 1497 1274 1548 a·

65 1558 117 1647 lii,
148 1561 353 1658 defquibut
381 1562 417 1635 in
442 1557 584 1636 historia
610 1562 875 1634 Socinianorum
900 1587 1029 1660 agamt
1052 1565 1275 1663 quibuscum,

64 1653 136 1750 post
157 1657 267 1758 multa
293 1656 494 1754 colloquia,
519 1656 693 1753 publicam
720 1655 912 1730 habuerunt
937 1659 1139 1755 Euangelici
1157 1665 1277 1758 dispu·
1339 1691 1342 1694 ·

67 1749 230 1827 tationem
257 1755 484 1828 Petricoviae
509 1751 544 1824 in
568 1749 733 1824 Comiriit
756 1773 785 1820 a.
817 1759 920 1840 1505.
972 1754 1054 1848 Quo
1078 1779 1191 1830 rerum
1210 1757 1293 1830 sta··

66 1857 117 1932 tu‚
147 1865 184 1920 ut
208 1846 392 1924 Ecclesiae
414 1847 542 1920 recline
558 1847 822 1930 consuleretur,
848 1843 1052 1920 consensum
1081 1849 1116 1920 in
1142 1853 1211 1922 fide
1237 1872 1276 1929 et

71 1939 256 2034 religione,
292 1945 390 2018 inter
413 1938 580 2017 Ecclesiae
606 1939 779 2032 utriusque
809 1939 971 2014 Poloniae
1003 1960 1040 2014 et
1064 1945 1251 2018 Lithuaoia

72 2033 285 2116 sanciverunt
320 2035 528 2132 Euangelici
568 2034 605 2108 in
641 2035 782 2130 Synodo
811 2033 973 2112 Generali
1003 1970 1277 2148 Sendomirierri

72 2147 104 2294 {l
121 2127 1278 2330 littellllli‘lllllll‘tlllll‘llrqlllilllle

76 2319 363 2412 generalioribus,
389 2319 609 2396 eracovienfi
626 2343 656 2395 a.
678 2341 804 2428 1573„
830 2322 1075 2398 Petricovienst
1097 2336 1276 2422 a.1578.',

76 2409 351 2492 wlodiumienfi
375 2423 554 2510 a.1583.,
578 2415 849 2490 etTuronrensr
882 2440 911 2492 a
940 2439 1067 2510 1595„
1093 2422 1278 2496 confirmae
1304 2495 1310 2506 ,
1366 2445 1370 2452 ·

78 2519 124 2578 tut
151 2510 211 2586 est.
259 2513 317 2586 Ex
343 2533 486 2607 querum
513 2511 735 2606 synodorum
757 2511 908 2585 decretis
933 2514 1020 2586 nrdo
1044 2534 1081 2586 et
1104 2516 1279 2610 disciplina

78 2595 295 2682 Ecclesiamm
318 2605 479 2682 Poloniae
503 2607 597 2678 recle
627 2605 771 2699 petitur.
822 2609 879 2680 Ab
905 2609 965 2681 lllo
995 2627 1112 2682 autem
1138 2631 1280 2708 tempo·
1371 2697 1372 2702 η

82 2713 115 2765 te
133 2695 251 2775 sensim
274 2701 443 2798 collapsus
459 2700 510 2776 est
532 2698 736 2786 consensus,
768 2699 879 2772 donec
901 2726 932 2774 a.
956 2723 1061 2792 1712.
1086 2703 1279 2784 resuscitari

81 2805 135 2860 soe
159 2796 237 2872 erit.
288 2799 454 2872 Ceterum
495 2797 616 2872 eadem
652 2792 688 2868 in
722 2793 863 2889 Synodo
894 2797 1161 2874 Sendomiriensr
1195 2826 1280 2876 con·

83 2879 114 2954 se
149 2909 169 2958 o
198 2891 298 2966 tertia
325 2891 533 2979 Helvetica,
566 2891 620 2963 seu
647 2889 830 3001 ligurina,
864 2890 983 2984 lingua
1007 2893 1172 2970 Polonica
1192 2923 1281 2972 con·

84 2973 199 3076 scripta
221 2987 274 3062 est
297 2986 509 3074 adcuratiut,
535 2983 727 3059 conformis
750 2981 969 3082 nugullnne
993 3005 1031 3058 et
1048 2989 1279 3084 Bohetnicae,

86 3067 157 3148 hinc
173 3079 459 3157 Sendomirienstt
476 3079 605 3156 eximie
622 3079 806 3175 adpellata,
833 3078 1046 3174 Sigismundo
1063 3085 1099 3158 in
1120 3087 1281 3164 Comitiie

88 3161 360 3253 Vusovienlibut
390 3179 501 3252 oblata
525 3198 554 3250 a.
581 3195 686 3266 1572.
738 3173 842 3252 Unde
870 3175 1105 3273 privilegium,
1139 3183 1280 3275 publice
1320 3231 1322 3238 ι

92 3255 213 3359 datum,
244 3274 344 3350 liberi
370 3271 546 3368 religionis
577 3268 759 3354 exercitii,
785 3289 899 3344 ortum
919 3268 989 3346 est:
1015 3273 1107 3370 quod
1131 3277 1167 3351 in
1191 3280 1277 3358 Brut

23 3399 26 3409 ·
90 3351 189 3438 litem.
218 3365 241 3442 l.
266 3368 327 3446 eit.
356 3366 563 3442 recensetur.
614 3363 814 3439 Noviffime
837 3363 948 3439 etiarn
967 3361 1004 3440 in
1030 3369 1143 3446 lucem
1168 3375 1280 3468 misit,

93 3467 125 3519 tt
153 3455 324 3540 historiam
355 3460 538 3540 consensor
563 3459 604 3533 ad
631 3457 745 3534 nostra
761 3480 921 3559 tempora
948 3461 1051 3560 usque
1074 3471 1282 3567 pertexuit,

98 3537 292 3634 lablontiu'ut
313 3557 349 3633 in
373 3557 507 3656 lilioria
529 3551 694 3653 consensus
715 3555 988 3648 Serdomirierstr.

139 3639 168 3732 i.
186 3647 359 3740 eccm
403 3651 634 3824 Sigistnupdt‘r2
654 3669 796 3730 mortuo
821 3676 853 3740 t.
876 3671 982 3751 1572.
1016 3649 1165 3744 (ludiim
1184 3653 1290 3763 Polo-

641 3767 737 3844 οη
1209 3768 1293 3832 uae
