3148 4434
474 211 479 222 .
565 139 685 266 „Secu
702 141 811 222 rur.
885 117 888 124 ‘
1237 179 1310 250 429

24 343 29 386 ι
88 327 240 404 rholiens.
294 319 354 394 De
378 315 479 414 hujus
501 316 612 416 Ligae
635 321 786 418 origine,
815 317 953 421 ejusque
980 323 1179 422 praecipuis
1204 353 1304 406 auto·

23 441 27 480 2
82 425 195 513 ribus,
223 442 265 494 ac
292 417 481 506 membris,
514 417 795 513 montelongo
824 420 857 493 α’
883 420 957 494 lust.
986 441 1023 493 et
1051 425 1212 502 Litterae.
1239 451 1303 526 par

22 541 24 576 ³
81 513 495 618 vigmMarvilletom.
525 515 571 586 ll.
625 515 835 613 llucLiga,
864 515 941 610 post
960 517 1161 611 Alenlonii,
1187 525 1298 604 Ducis

21 665 27 672 -
74 611 363 712 nuuegavensss,
391 630 563 696 mortem,
597 613 653 682 cui
678 611 900 686 Nuvurraeus
924 614 1107 690 succedere
1131 619 1295 716 debebas,

20 731 22 804 ξ
79 711 168 787 taeta
194 729 231 784 et
263 707 421 794 sancita,
451 705 634 800 gracillimi
659 707 776 780 exusti
811 709 889 782 lunt
917 729 1054 798 mutus,
1090 713 1189 813 Rege
1213 723 1293 815 ipso

21 825 26 866 ἱ
75 809 174 904 ligem
198 805 432 889 confirmare,
465 803 623 897 inprimis
654 803 807 876 edietum
833 809 878 874 de
905 806 1146 900 persequendis
1169 815 1293 890 naere-

19 957 20 962 ,
74 906 167 994 tieis,
192 901 337 977 coaeto.
387 897 611 972 Renovarum
638 897 1164 996 itaquebellumesta.1585.,
1190 913 1292 990 varji,

18 1057 19 1060 η
69 999 214 1074 notabile
246 997 405 1086 casibus,
429 1016 573 1092 quorum
601 1015 670 1067 tres
697 1013 828 1069 tuntum
855 1005 1068 1075 memorabo.
1117 1005 1290 1086 Prolixam

18 1127 19 1154 1
72 1115 106 1168 et
127 1095 267 1170 fidelem
296 1093 408 1186 Ligae
434 1111 472 1164 et
497 1089 576 1166 belli
609 1089 784 1166 historiam
813 1093 873 1192 qui
899 1093 1009 1184 velit,
1035 1099 1135 1174 adeat
1164 1102 1287 1182 Tlrtr'a·

17 1245 18 1248 ,
75 1213 152 1266 num
177 1191 236 1266 lib.
264 1187 433 1264 LXXXI.
462 1185 591 1279 etseq.
959 1247 964 1266 ,
1015 1251 1018 1260 .

111 1289 141 1386 l.
171 1282 413 1361 CCCCXXX.
446 1283 576 1356 Primus
617 1279 669 1357 est
701 1281 848 1358 Henrici
886 1285 1078 1376 Borbonii,
1111 1289 1286 1388 Principis

71 1383 235 1474 Candaei,
263 1381 440 1456 luctuosus
464 1379 581 1454 obitus
602 1401 645 1452 ex
677 1403 835 1468 veneno,
863 1405 968 1458 unico
993 1383 1069 1458 filio
1096 1387 1286 1480 posthumo

70 1481 204 1570 relicto,
238 1479 299 1576 qui
324 1473 442 1571 postea
469 1475 580 1550 fanus
605 1475 655 1550 est
680 1479 891 1554 catholicus.
942 1481 1028 1554 Vid.
1061 1481 1232 1560 Tnuanus
1258 1487 1281 1564 l.

13 1635 14 1638 ,
68 1573 159 1664 XC„
193 1579 250 1673 qui
276 1574 425 1661 adierit,
459 1571 623 1646 Medicus
657 1593 693 1646 et
721 1573 913 1666 Chirurgus
939 1578 984 1648 de
1009 1599 1150 1652 veneno
1177 1580 1287 1660 fidem

71 1671 204 1764 publico
235 1669 457 1746 testimonio*
480 1667 622 1754 fecisse,
659 1689 839 1763 praeterea
869 1672 1002 1742 summo
1027 1673 1142 1766 elogio
1173 1674 1285 1768 ipl'um

70 1789 183 1858 ornat,
215 1787 385 1864 tanquam
416 1766 518 1837 Patre
558 1785 627 1836 non
662 1763 875 1836 inferiorem.
930 1767 1095 1837 Secundus
1123 1773 1287 1848 continet

73 1861 262 1938 Guisrorum
295 1865 473 1947 Fratrum,
497 1857 647 1934 Henrici
675 1861 804 1941 Ducis,
830 1879 865 1932 et
882 1859 1056 1936 Ludovici
1075 1863 1286 1958 Cardioalis,

69 1962 253 2034 violentam
290 1957 454 2044 caedem,
478 1953 568 2050 jullu
596 1955 705 2050 Regis
732 1957 768 2026 in
797 1957 868 2048 ipsa
893 1957 985 2044 aula,
1020 1961 1141 2030 eodem
1167 1983 1284 2055 anno,

71 2076 135 2150 quo
164 2053 324 2132 Comitia
356 2054 432 2126 sunt
456 2049 576 2124 Blaesis
599 2055 781 2126 celebrata.
834 2052 914 2126 Rex
943 2073 1028 2124 vero
1056 2052 1284 2144 Guilsiserat

70 2149 233 2242 infensus,
270 2149 365 2246 quod
399 2151 535 2242 Regem
577 2149 770 2220 contemtui
804 2148 925 2243 populi
967 2169 1210 2245 exponerent,
1244 2179 1283 2234 et

72 2267 227 2322 coronam
262 2247 438 2320 ambirent
473 2240 557 2350 ipsu,
590 2245 751 2340 quodque
778 2245 906 2318 Parisiis
932 2247 1124 2320 excitarint
1152 2257 1281 2330 tumul.

72 2359 138 2433 tus,
161 2345 290 2442 quibus
323 2341 403 2414 Rex
431 2340 513 2429 fuga
539 2340 571 2412 le
597 2340 782 2413 subducere
798 2343 946 2416 coaetus
972 2340 1048 2416 fuit.
1097 2343 1152 2416 nd
1179 2367 1281 2444 quam

72 2439 225 2530 eaedem,
253 2439 359 2529 Rege
383 2437 584 2530 indignam.
616 2458 796 2530 antequam
823 2437 943 2524 venit,
978 2439 1176 2512 incredibili
1206 2444 1284 2522 ulus

74 2531 119 2607 ell
140 2530 377 2622 simulatione,
403 2529 520 2603 omnia
546 2530 672 2604 Guiliis
698 2532 943 2620 concedendo,
962 2555 1005 2605 ut
1031 2557 1092 2606 eos
1112 2533 1144 2606 in
1174 2538 1282 2618 calles

72 2627 142 2704 luos
163 2635 345 2708 adiiceret.
397 2627 485 2702 Vid.
517 2625 683 2700 Tlru'anus
718 2629 776 2702 lib.
812 2631 941 2704 XClll.
988 2631 1161 2704 Observat
1193 2657 1280 2713 vero

68 2723 291 2815 Meneraetts,
317 2723 438 2798 iisdem
459 2722 585 2794 artibus
602 2722 818 2818 Colignium,
839 2725 980 2816 ejusque
997 2727 1126 2810 lucios,
1154 2726 1277 2827 fuine,
1426 2763 1428 2770 ’

72 2841 133 2916 ope
150 2823 369 2910 milliorum,
396 2819 653 2894 circumventos
670 2821 705 2892 in
724 2820 856 2892 laniena
874 2817 1071 2906 Parisrensr,
1096 2844 1124 2894 a.
1149 2847 1164 2895 r
1170 2848 1277 2921 572„

70 2919 176 3011 addit,
210 2917 418 3018 praecipuos
447 2913 650 2988 calamitatis
683 2913 876 2986 Guilrorum
903 2936 1040 2986 autores
1067 2915 1165 2988 soille
1193 2947 1276 3016 eos,

67 3011 256 3108 dequibus
275 3008 409 3106 optime
426 3010 547 3084 meriti
565 3029 662 3082 erant
687 3008 808 3084 Guilri.
840 3009 971 3084 Tertius
996 3009 1047 3082 est
1072 3011 1279 3102 Lieistarum

72 3125 103 3178 rt
130 3111 389 3186 Pontificiorum
418 3130 482 3202 per
507 3126 618 3180 totum
644 3105 719 3178 fere
746 3107 909 3202 Regnum
934 3131 951 3179 a
977 3107 1080 3200 Rege
1103 3109 1294 3209 desertio,-

69 3192 230 3305 hujul‘que
256 3229 333 3280 cum
359 3205 563 3279 Navarraeo
588 3221 624 3274 er
648 3202 866 3278 Reformatis
897 3203 1278 3293 reconciliatio,·inde.

66 3317 131 3392 que
154 3306 277 3380 bellurn
305 3322 383 3377 com
407 3299 489 3396 ipsis
512 3297 706 3372 Pontificiis
732 3318 868 3386 ortum,
894 3299 1064 3393 primum.
1099 3299 1200 3400 Rege
1224 3311 1278 3384 su.

70 3395 230 3490 postire,
255 3397 334 3472 dein
357 3393 565 3481 interfeeto,
590 3391 723 3491 gestum
746 3421 765 3470 s
788 3397 1016 3480 Navarraeo,
1045 3396 1117 3488 jam
1144 3407 1278 3492 procla·

68 3505 157 3564 mato
182 3494 290 3593 Regis
315 3491 524 3578 forcellam,
550 3490 664 3564 donec
686 3491 928 3578 Navarraeus,
953 3491 1162 3582 religionem
1187 3497 1280 3572 Pon·

71 3579 208 3672 llfitltm
228 3587 417 3696 prutenus,
442 3605 480 3668 et
497 3587 536 3670 in
555 3589 708 3764 Rffiofi
733 3585 949 3684 pecchilt,
974 3583 1201 3760 confirmaffls
1216 3591 1280 3706 etl,

75 3728 81 3742 ·
730 3706 752 3782 3
1076 3747 1079 3752 -
1189 3705 1279 3781 enno
