<?xml version="1.0" encoding="UTF-8"?>
<!DOCTYPE html PUBLIC "-//W3C//DTD XHTML 1.0 Transitional//EN"
    "http://www.w3.org/TR/xhtml1/DTD/xhtml1-transitional.dtd">
<html xmlns="http://www.w3.org/1999/xhtml" xml:lang="en" lang="en">
 <head>
  <title>
</title>
<meta http-equiv="Content-Type" content="text/html;charset=utf-8" />
  <meta name='ocr-system' content='tesseract 3.04.00' />
  <meta name='ocr-capabilities' content='ocr_page ocr_carea ocr_par ocr_line ocrx_word'/>
</head>
<body>
  <div class='ocr_page' id='page_1' title='image "./hermannivenemai06venegoog/hermannivenemai06venegoog_0340.png"; bbox 0 0 3098 4436; ppageno 0'>
   <div class='ocr_carea' id='block_1_1' title="bbox 554 183 1277 291">
    <p class='ocr_par' dir='ltr' id='par_1_1' title="bbox 554 183 1277 291">
     <span class='ocr_line' id='line_1_1' title="bbox 554 183 1277 291; baseline -0.001 -27"><span class='ocrx_word' id='word_1_1' title='bbox 554 183 664 286; x_wconf 72' lang='lat' dir='ltr'>Sectis.</span> <span class='ocrx_word' id='word_1_2' title='bbox 690 185 792 266; x_wconf 77' lang='lat' dir='ltr'><em>XVI.</em></span> <span class='ocrx_word' id='word_1_3' title='bbox 1206 217 1277 291; x_wconf 83' lang='lat'>335</span> 
     </span>
    </p>
   </div>
   <div class='ocr_carea' id='block_1_2' title="bbox 53 352 1371 3437">
    <p class='ocr_par' dir='ltr' id='par_1_2' title="bbox 53 352 1371 3437">
     <span class='ocr_line' id='line_1_2' title="bbox 60 352 1274 467; baseline 0.014 -37"><span class='ocrx_word' id='word_1_4' title='bbox 60 352 164 448; x_wconf 80' lang='lat' dir='ltr'>caue,</span> <span class='ocrx_word' id='word_1_5' title='bbox 197 377 267 434; x_wconf 86' lang='lat' dir='ltr'>uec</span> <span class='ocrx_word' id='word_1_6' title='bbox 292 379 458 456; x_wconf 85' lang='lat' dir='ltr'>uxorem,</span> <span class='ocrx_word' id='word_1_7' title='bbox 491 385 536 440; x_wconf 85' lang='lat' dir='ltr'>err</span> <span class='ocrx_word' id='word_1_8' title='bbox 588 385 635 439; x_wconf 93' lang='lat' dir='ltr'>uo</span> <span class='ocrx_word' id='word_1_9' title='bbox 665 367 722 442; x_wconf 85' lang='lat' dir='ltr'>lex</span> <span class='ocrx_word' id='word_1_10' title='bbox 749 385 873 441; x_wconf 85' lang='lat' dir='ltr'>eontra</span> <span class='ocrx_word' id='word_1_11' title='bbox 897 363 1107 440; x_wconf 87' lang='lat' dir='ltr'>Clericorum</span> <span class='ocrx_word' id='word_1_12' title='bbox 1135 373 1274 467; x_wconf 79' lang='lat' dir='ltr'>nuptias</span> 
     </span>
     <span class='ocr_line' id='line_1_3' title="bbox 58 453 1371 560; baseline 0.011 -34"><span class='ocrx_word' id='word_1_13' title='bbox 58 453 120 526; x_wconf 86' lang='lat' dir='ltr'>fuit</span> <span class='ocrx_word' id='word_1_14' title='bbox 147 454 235 547; x_wconf 89' lang='lat' dir='ltr'>lata,</span> <span class='ocrx_word' id='word_1_15' title='bbox 268 457 385 534; x_wconf 85' lang='lat' dir='ltr'>secum</span> <span class='ocrx_word' id='word_1_16' title='bbox 419 457 545 536; x_wconf 85' lang='lat' dir='ltr'>retinui</span> <span class='ocrx_word' id='word_1_17' title='bbox 575 486 607 538; x_wconf 91' lang='lat' dir='ltr'>e.</span> <span class='ocrx_word' id='word_1_18' title='bbox 660 462 765 538; x_wconf 88' lang='lat' dir='ltr'>Unde</span> <span class='ocrx_word' id='word_1_19' title='bbox 792 482 905 536; x_wconf 87' lang='lat' dir='ltr'>ortum</span> <span class='ocrx_word' id='word_1_20' title='bbox 935 459 1006 550; x_wconf 90' lang='lat' dir='ltr'>est,</span> <span class='ocrx_word' id='word_1_21' title='bbox 1039 483 1078 536; x_wconf 91' lang='lat' dir='ltr'>ur</span> <span class='ocrx_word' id='word_1_22' title='bbox 1104 487 1269 560; x_wconf 77' lang='lat' dir='ltr'>a.,r544.</span> <span class='ocrx_word' id='word_1_23' title='bbox 1369 525 1371 530; x_wconf 68' lang='lat'><em>,</em></span> 
     </span>
     <span class='ocr_line' id='line_1_4' title="bbox 55 548 1269 657; baseline 0.014 -37"><span class='ocrx_word' id='word_1_24' title='bbox 55 548 215 624; x_wconf 77' lang='lat' dir='ltr'>severitas</span> <span class='ocrx_word' id='word_1_25' title='bbox 248 552 560 648; x_wconf 84' lang='lat' dir='ltr'>constitutionum,</span> <span class='ocrx_word' id='word_1_26' title='bbox 593 556 752 654; x_wconf 69' lang='lat' dir='ltr'>respectu</span> <span class='ocrx_word' id='word_1_27' title='bbox 786 559 844 631; x_wconf 80' lang='lat' dir='ltr'>sex</span> <span class='ocrx_word' id='word_1_28' title='bbox 876 555 1117 650; x_wconf 89' lang='lat' dir='ltr'>articulorum,</span> <span class='ocrx_word' id='word_1_29' title='bbox 1145 562 1269 657; x_wconf 79' lang='lat' dir='ltr'>fucrit,</span> 
     </span>
     <span class='ocr_line' id='line_1_5' title="bbox 58 648 1267 752; baseline 0.014 -36"><span class='ocrx_word' id='word_1_30' title='bbox 58 664 144 717; x_wconf 82' lang='lat' dir='ltr'>nova</span> <span class='ocrx_word' id='word_1_31' title='bbox 159 648 237 744; x_wconf 84' lang='lat' dir='ltr'>lege</span> <span class='ocrx_word' id='word_1_32' title='bbox 257 649 490 742; x_wconf 83' lang='lat' dir='ltr'>Parlamenti,</span> <span class='ocrx_word' id='word_1_33' title='bbox 515 653 693 752; x_wconf 82' lang='lat' dir='ltr'>mitigata,</span> <span class='ocrx_word' id='word_1_34' title='bbox 719 654 855 728; x_wconf 86' lang='lat' dir='ltr'>nemini</span> <span class='ocrx_word' id='word_1_35' title='bbox 874 651 1099 750; x_wconf 87' lang='lat' dir='ltr'>persequendi</span> <span class='ocrx_word' id='word_1_36' title='bbox 1118 662 1267 752; x_wconf 76' lang='lat' dir='ltr'>puteula-</span> 
     </span>
     <span class='ocr_line' id='line_1_6' title="bbox 61 743 1266 841; baseline 0.015 -29"><span class='ocrx_word' id='word_1_37' title='bbox 61 759 95 812; x_wconf 87' lang='lat' dir='ltr'>te</span> <span class='ocrx_word' id='word_1_38' title='bbox 123 743 295 837; x_wconf 84' lang='lat' dir='ltr'>concessa,</span> <span class='ocrx_word' id='word_1_39' title='bbox 321 747 383 821; x_wconf 81' lang='lat' dir='ltr'>niti</span> <span class='ocrx_word' id='word_1_40' title='bbox 406 749 592 824; x_wconf 85' lang='lat' dir='ltr'><strong>duodecim</strong></span> <span class='ocrx_word' id='word_1_41' title='bbox 620 749 740 841; x_wconf 84' lang='lat' dir='ltr'>juratis</span> <span class='ocrx_word' id='word_1_42' title='bbox 764 749 910 822; x_wconf 81' lang='lat' dir='ltr'>testibus</span> <span class='ocrx_word' id='word_1_43' title='bbox 932 749 1106 825; x_wconf 84' lang='lat' dir='ltr'>accusatio</span> <span class='ocrx_word' id='word_1_44' title='bbox 1122 754 1163 827; x_wconf 88' lang='lat' dir='ltr'>stt</span> <span class='ocrx_word' id='word_1_45' title='bbox 1181 780 1266 830; x_wconf 87' lang='lat' dir='ltr'>cou-</span> 
     </span>
     <span class='ocr_line' id='line_1_7' title="bbox 58 834 1262 944; baseline 0.017 -38"><span class='ocrx_word' id='word_1_46' title='bbox 58 834 196 929; x_wconf 77' lang='lat' dir='ltr'>firnata,</span> <span class='ocrx_word' id='word_1_47' title='bbox 222 840 454 918; x_wconf 79' lang='lat' dir='ltr'>erstatutum</span> <span class='ocrx_word' id='word_1_48' title='bbox 470 845 560 919; x_wconf 90' lang='lat' dir='ltr'>iutra</span> <span class='ocrx_word' id='word_1_49' title='bbox 584 866 720 939; x_wconf 77' lang='lat' dir='ltr'>tempus</span> <span class='ocrx_word' id='word_1_50' title='bbox 743 843 917 929; x_wconf 85' lang='lat' dir='ltr'>instituta,</span> <span class='ocrx_word' id='word_1_51' title='bbox 942 861 1011 918; x_wconf 87' lang='lat' dir='ltr'>etc.</span> <span class='ocrx_word' id='word_1_52' title='bbox 1035 846 1121 944; x_wconf 89' lang='lat' dir='ltr'>Egit</span> <span class='ocrx_word' id='word_1_53' title='bbox 1136 851 1262 928; x_wconf 79' lang='lat' dir='ltr'>eodum</span> 
     </span>
     <span class='ocr_line' id='line_1_8' title="bbox 54 936 1260 1044; baseline 0.015 -40"><span class='ocrx_word' id='word_1_54' title='bbox 54 954 195 1008; x_wconf 88' lang='lat' dir='ltr'>annuet</span> <span class='ocrx_word' id='word_1_55' title='bbox 219 938 288 1010; x_wconf 88' lang='lat' dir='ltr'>alia</span> <span class='ocrx_word' id='word_1_56' title='bbox 310 937 347 1012; x_wconf 92' lang='lat' dir='ltr'>iu</span> <span class='ocrx_word' id='word_1_57' title='bbox 372 939 529 1014; x_wconf 81' lang='lat' dir='ltr'>favorem</span> <span class='ocrx_word' id='word_1_58' title='bbox 554 942 815 1016; x_wconf 64' lang='lat' dir='ltr'>reformationis</span> <span class='ocrx_word' id='word_1_59' title='bbox 845 936 1034 1028; x_wconf 75' lang='lat' dir='ltr'>Hturicus,</span> <span class='ocrx_word' id='word_1_60' title='bbox 1063 942 1153 1016; x_wconf 88' lang='lat' dir='ltr'>inter</span> <span class='ocrx_word' id='word_1_61' title='bbox 1172 971 1260 1044; x_wconf 88' lang='lat' dir='ltr'>quae</span> 
     </span>
     <span class='ocr_line' id='line_1_9' title="bbox 53 1029 1259 1132; baseline 0.009 -31"><span class='ocrx_word' id='word_1_62' title='bbox 53 1029 240 1104; x_wconf 80' lang='lat' dir='ltr'>solennium</span> <span class='ocrx_word' id='word_1_63' title='bbox 273 1055 417 1129; x_wconf 85' lang='lat' dir='ltr'>precum</span> <span class='ocrx_word' id='word_1_64' title='bbox 456 1033 632 1110; x_wconf 81' lang='lat' dir='ltr'>transsatio</span> <span class='ocrx_word' id='word_1_65' title='bbox 661 1038 698 1112; x_wconf 92' lang='lat' dir='ltr'>in</span> <span class='ocrx_word' id='word_1_66' title='bbox 728 1038 882 1132; x_wconf 83' lang='lat' dir='ltr'>linguam</span> <span class='ocrx_word' id='word_1_67' title='bbox 912 1039 1142 1112; x_wconf 79' lang='lat' dir='ltr'>vernaculam.</span> <span class='ocrx_word' id='word_1_68' title='bbox 1191 1043 1259 1118; x_wconf 87' lang='lat' dir='ltr'>Sed</span> 
     </span>
     <span class='ocr_line' id='line_1_10' title="bbox 53 1126 1258 1228; baseline 0.012 -31"><span class='ocrx_word' id='word_1_69' title='bbox 53 1127 147 1198; x_wconf 86' lang='lat' dir='ltr'>etad</span> <span class='ocrx_word' id='word_1_70' title='bbox 170 1126 441 1205; x_wconf 75' lang='lat' dir='ltr'>reformatorum</span> <span class='ocrx_word' id='word_1_71' title='bbox 468 1132 745 1228; x_wconf 84' lang='lat' dir='ltr'>persecutionem</span> <span class='ocrx_word' id='word_1_72' title='bbox 774 1133 844 1206; x_wconf 83' lang='lat' dir='ltr'>sese</span> <span class='ocrx_word' id='word_1_73' title='bbox 865 1153 950 1204; x_wconf 83' lang='lat' dir='ltr'>tnox</span> <span class='ocrx_word' id='word_1_74' title='bbox 975 1130 1083 1205; x_wconf 90' lang='lat' dir='ltr'>vertit</span> <span class='ocrx_word' id='word_1_75' title='bbox 1129 1133 1258 1212; x_wconf 79' lang='lat' dir='ltr'>stinx-</span> 
     </span>
     <span class='ocr_line' id='line_1_11' title="bbox 55 1222 1259 1320; baseline 0.017 -29"><span class='ocrx_word' id='word_1_76' title='bbox 55 1237 129 1311; x_wconf 88' lang='lat' dir='ltr'>torr,</span> <span class='ocrx_word' id='word_1_77' title='bbox 153 1222 349 1320; x_wconf 69' lang='lat' dir='ltr'>Episcopus</span> <span class='ocrx_word' id='word_1_78' title='bbox 369 1227 637 1318; x_wconf 83' lang='lat' dir='ltr'>Salisnurienfis,</span> <span class='ocrx_word' id='word_1_79' title='bbox 671 1225 841 1302; x_wconf 87' lang='lat' dir='ltr'>haerelios</span> <span class='ocrx_word' id='word_1_80' title='bbox 873 1227 1155 1302; x_wconf 87' lang='lat' dir='ltr'>sacramentariae</span> <span class='ocrx_word' id='word_1_81' title='bbox 1178 1254 1259 1311; x_wconf 83' lang='lat' dir='ltr'>reur</span> 
     </span>
     <span class='ocr_line' id='line_1_12' title="bbox 53 1315 1259 1418; baseline 0.01 -28"><span class='ocrx_word' id='word_1_82' title='bbox 53 1315 157 1410; x_wconf 78' lang='lat' dir='ltr'>aiios,</span> <span class='ocrx_word' id='word_1_83' title='bbox 192 1317 371 1418; x_wconf 86' lang='lat' dir='ltr'>postquam</span> <span class='ocrx_word' id='word_1_84' title='bbox 402 1322 462 1397; x_wconf 92' lang='lat' dir='ltr'>diu</span> <span class='ocrx_word' id='word_1_85' title='bbox 486 1321 601 1400; x_wconf 85' lang='lat' dir='ltr'>suiliet</span> <span class='ocrx_word' id='word_1_86' title='bbox 622 1327 660 1398; x_wconf 94' lang='lat' dir='ltr'>in</span> <span class='ocrx_word' id='word_1_87' title='bbox 685 1347 846 1411; x_wconf 85' lang='lat' dir='ltr'>carcere,</span> <span class='ocrx_word' id='word_1_88' title='bbox 879 1325 921 1396; x_wconf 89' lang='lat' dir='ltr'>ad</span> <span class='ocrx_word' id='word_1_89' title='bbox 945 1345 1066 1418; x_wconf 90' lang='lat' dir='ltr'>rogurn</span> <span class='ocrx_word' id='word_1_90' title='bbox 1091 1323 1142 1398; x_wconf 91' lang='lat' dir='ltr'>est</span> <span class='ocrx_word' id='word_1_91' title='bbox 1165 1329 1259 1402; x_wconf 88' lang='lat' dir='ltr'>dam·</span> 
     </span>
     <span class='ocr_line' id='line_1_13' title="bbox 53 1415 1259 1522; baseline 0.012 -38"><span class='ocrx_word' id='word_1_92' title='bbox 53 1435 161 1502; x_wconf 79' lang='lat' dir='ltr'>natur,</span> <span class='ocrx_word' id='word_1_93' title='bbox 195 1415 280 1505; x_wconf 84' lang='lat' dir='ltr'>sed,</span> <span class='ocrx_word' id='word_1_94' title='bbox 305 1439 346 1490; x_wconf 92' lang='lat' dir='ltr'>ea</span> <span class='ocrx_word' id='word_1_95' title='bbox 367 1417 514 1516; x_wconf 88' lang='lat' dir='ltr'>ejurata,</span> <span class='ocrx_word' id='word_1_96' title='bbox 540 1423 678 1494; x_wconf 88' lang='lat' dir='ltr'>veniam</span> <span class='ocrx_word' id='word_1_97' title='bbox 702 1444 721 1494; x_wconf 92' lang='lat' dir='ltr'>a</span> <span class='ocrx_word' id='word_1_98' title='bbox 746 1421 847 1514; x_wconf 83' lang='lat' dir='ltr'>Rege</span> <span class='ocrx_word' id='word_1_99' title='bbox 870 1418 1031 1514; x_wconf 83' lang='lat' dir='ltr'>accepit,</span> <span class='ocrx_word' id='word_1_100' title='bbox 1056 1438 1259 1522; x_wconf 88' lang='lat' dir='ltr'>tantumque</span> 
     </span>
     <span class='ocr_line' id='line_1_14' title="bbox 53 1514 1346 1601; baseline 0.013 -21"><span class='ocrx_word' id='word_1_101' title='bbox 53 1529 219 1601; x_wconf 81' lang='lat' dir='ltr'>mutatus,</span> <span class='ocrx_word' id='word_1_102' title='bbox 253 1527 292 1587; x_wconf 87' lang='lat' dir='ltr'>ut</span> <span class='ocrx_word' id='word_1_103' title='bbox 322 1514 380 1587; x_wconf 89' lang='lat' dir='ltr'>sub</span> <span class='ocrx_word' id='word_1_104' title='bbox 411 1515 529 1590; x_wconf 90' lang='lat' dir='ltr'>Maria</span> <span class='ocrx_word' id='word_1_105' title='bbox 562 1517 746 1590; x_wconf 82' lang='lat' dir='ltr'>acerrimus</span> <span class='ocrx_word' id='word_1_106' title='bbox 778 1515 1059 1590; x_wconf 86' lang='lat' dir='ltr'>Reformatorum</span> <span class='ocrx_word' id='word_1_107' title='bbox 1085 1515 1193 1593; x_wconf 73' lang='lat' dir='ltr'>taetus</span> <span class='ocrx_word' id='word_1_108' title='bbox 1217 1521 1259 1596; x_wconf 86' lang='lat' dir='ltr'>srt</span> <span class='ocrx_word' id='word_1_109' title='bbox 1343 1523 1346 1530; x_wconf 54' lang='lat'><strong>⁴</strong></span> 
     </span>
     <span class='ocr_line' id='line_1_15' title="bbox 54 1607 1258 1713; baseline 0.011 -39"><span class='ocrx_word' id='word_1_110' title='bbox 54 1607 285 1698; x_wconf 84' lang='lat' dir='ltr'>persecutor.&#39;</span> <span class='ocrx_word' id='word_1_111' title='bbox 312 1610 550 1708; x_wconf 76' lang='lat' dir='ltr'>abnegarunt</span> <span class='ocrx_word' id='word_1_112' title='bbox 569 1629 607 1684; x_wconf 90' lang='lat' dir='ltr'>et</span> <span class='ocrx_word' id='word_1_113' title='bbox 630 1610 688 1686; x_wconf 87' lang='lat' dir='ltr'>aiii</span> <span class='ocrx_word' id='word_1_114' title='bbox 712 1611 816 1684; x_wconf 87' lang='lat' dir='ltr'>fidem</span> <span class='ocrx_word' id='word_1_115' title='bbox 842 1611 955 1695; x_wconf 87' lang='lat' dir='ltr'>suam,</span> <span class='ocrx_word' id='word_1_116' title='bbox 985 1611 1041 1682; x_wconf 92' lang='lat' dir='ltr'>sed</span> <span class='ocrx_word' id='word_1_117' title='bbox 1067 1615 1166 1686; x_wconf 87' lang='lat' dir='ltr'>Anna</span> <span class='ocrx_word' id='word_1_118' title='bbox 1189 1617 1258 1713; x_wconf 90' lang='lat' dir='ltr'>As·</span> 
     </span>
     <span class='ocr_line' id='line_1_16' title="bbox 53 1701 1258 1809; baseline 0.009 -38"><span class='ocrx_word' id='word_1_119' title='bbox 53 1701 126 1774; x_wconf 84' lang='lat' dir='ltr'>leta</span> <span class='ocrx_word' id='word_1_120' title='bbox 156 1703 311 1800; x_wconf 78' lang='lat' dir='ltr'>martyrii</span> <span class='ocrx_word' id='word_1_121' title='bbox 335 1707 463 1780; x_wconf 87' lang='lat' dir='ltr'>meruit</span> <span class='ocrx_word' id='word_1_122' title='bbox 484 1727 671 1794; x_wconf 87' lang='lat' dir='ltr'>coronam,</span> <span class='ocrx_word' id='word_1_123' title='bbox 696 1729 726 1780; x_wconf 88' lang='lat' dir='ltr'>a.</span> <span class='ocrx_word' id='word_1_124' title='bbox 756 1711 882 1792; x_wconf 63' lang='lat'><strong>154⁶»,</strong></span> <span class='ocrx_word' id='word_1_125' title='bbox 906 1724 984 1774; x_wconf 93' lang='lat' dir='ltr'>cum</span> <span class='ocrx_word' id='word_1_126' title='bbox 1008 1705 1119 1809; x_wconf 72' lang='lat' dir='ltr'>tribur</span> <span class='ocrx_word' id='word_1_127' title='bbox 1132 1706 1258 1803; x_wconf 80' lang='lat' dir='ltr'>sociis,</span> 
     </span>
     <span class='ocr_line' id='line_1_17' title="bbox 55 1796 1342 1897; baseline 0.006 -29"><span class='ocrx_word' id='word_1_128' title='bbox 55 1797 200 1872; x_wconf 81' lang='lat' dir='ltr'>foemina</span> <span class='ocrx_word' id='word_1_129' title='bbox 216 1797 360 1892; x_wconf 81' lang='lat' dir='ltr'>nobilia,</span> <span class='ocrx_word' id='word_1_130' title='bbox 386 1801 457 1877; x_wconf 85' lang='lat' dir='ltr'>filia</span> <span class='ocrx_word' id='word_1_131' title='bbox 475 1801 639 1876; x_wconf 91' lang='lat' dir='ltr'>Gulielmi</span> <span class='ocrx_word' id='word_1_132' title='bbox 658 1799 798 1889; x_wconf 67' lang='lat' dir='ltr'>Atk-u,</span> <span class='ocrx_word' id='word_1_133' title='bbox 823 1796 956 1871; x_wconf 77' lang='lat' dir='ltr'>ordinis</span> <span class='ocrx_word' id='word_1_134' title='bbox 972 1796 1156 1896; x_wconf 82' lang='lat' dir='ltr'>equestris,</span> <span class='ocrx_word' id='word_1_135' title='bbox 1176 1825 1260 1897; x_wconf 88' lang='lat' dir='ltr'>pro·</span> <span class='ocrx_word' id='word_1_136' title='bbox 1339 1827 1342 1832; x_wconf 90' lang='lat'>·</span> 
     </span>
     <span class='ocr_line' id='line_1_18' title="bbox 55 1892 1258 1993; baseline 0.007 -28"><span class='ocrx_word' id='word_1_137' title='bbox 55 1893 94 1965; x_wconf 91' lang='lat' dir='ltr'>be</span> <span class='ocrx_word' id='word_1_138' title='bbox 124 1892 308 1985; x_wconf 66' lang='lat' dir='ltr'>instruile,</span> <span class='ocrx_word' id='word_1_139' title='bbox 338 1915 374 1970; x_wconf 88' lang='lat' dir='ltr'>et</span> <span class='ocrx_word' id='word_1_140' title='bbox 408 1897 444 1973; x_wconf 88' lang='lat' dir='ltr'>io</span> <span class='ocrx_word' id='word_1_141' title='bbox 477 1897 549 1972; x_wconf 86' lang='lat' dir='ltr'>fide</span> <span class='ocrx_word' id='word_1_142' title='bbox 580 1895 760 1986; x_wconf 79' lang='lat' dir='ltr'>constans,</span> <span class='ocrx_word' id='word_1_143' title='bbox 792 1893 826 1966; x_wconf 91' lang='lat' dir='ltr'>iu</span> <span class='ocrx_word' id='word_1_144' title='bbox 863 1915 993 1986; x_wconf 85' lang='lat' dir='ltr'>magno</span> <span class='ocrx_word' id='word_1_145' title='bbox 1025 1895 1131 1968; x_wconf 89' lang='lat' dir='ltr'>etiam</span> <span class='ocrx_word' id='word_1_146' title='bbox 1164 1900 1258 1993; x_wconf 89' lang='lat' dir='ltr'>apud</span> 
     </span>
     <span class='ocr_line' id='line_1_19' title="bbox 57 1990 1257 2090; baseline 0.009 -31"><span class='ocrx_word' id='word_1_147' title='bbox 57 2009 175 2065; x_wconf 76' lang='lat' dir='ltr'>omnen</span> <span class='ocrx_word' id='word_1_148' title='bbox 225 1992 378 2081; x_wconf 85' lang='lat' dir='ltr'>honore,</span> <span class='ocrx_word' id='word_1_149' title='bbox 420 2016 526 2090; x_wconf 88' lang='lat' dir='ltr'>quae,</span> <span class='ocrx_word' id='word_1_150' title='bbox 577 1990 750 2067; x_wconf 87' lang='lat' dir='ltr'>crudelem</span> <span class='ocrx_word' id='word_1_151' title='bbox 798 2009 986 2079; x_wconf 86' lang='lat' dir='ltr'>torturam,</span> <span class='ocrx_word' id='word_1_152' title='bbox 1028 1991 1257 2073; x_wconf 78' lang='lat' dir='ltr'>utfautorer</span> 
     </span>
     <span class='ocr_line' id='line_1_20' title="bbox 56 2084 1256 2186; baseline 0.008 -31"><span class='ocrx_word' id='word_1_153' title='bbox 56 2085 289 2179; x_wconf 88' lang='lat' dir='ltr'>profiteretur,</span> <span class='ocrx_word' id='word_1_154' title='bbox 331 2086 476 2163; x_wconf 89' lang='lat' dir='ltr'>viriliter</span> <span class='ocrx_word' id='word_1_155' title='bbox 517 2087 627 2184; x_wconf 80' lang='lat' dir='ltr'>palia,</span> <span class='ocrx_word' id='word_1_156' title='bbox 665 2087 739 2186; x_wconf 86' lang='lat' dir='ltr'>igni</span> <span class='ocrx_word' id='word_1_157' title='bbox 772 2084 823 2160; x_wconf 88' lang='lat' dir='ltr'>est</span> <span class='ocrx_word' id='word_1_158' title='bbox 861 2084 996 2162; x_wconf 84' lang='lat' dir='ltr'>tradita.</span> <span class='ocrx_word' id='word_1_159' title='bbox 1052 2086 1135 2162; x_wconf 86' lang='lat' dir='ltr'>Viti.</span> <span class='ocrx_word' id='word_1_160' title='bbox 1175 2089 1256 2186; x_wconf 87' lang='lat' dir='ltr'>Joh.</span> 
     </span>
     <span class='ocr_line' id='line_1_21' title="bbox 56 2179 1257 2284; baseline 0.008 -34"><span class='ocrx_word' id='word_1_161' title='bbox 56 2180 163 2256; x_wconf 74' lang='lat' dir='ltr'>Fortun</span> <span class='ocrx_word' id='word_1_162' title='bbox 204 2184 266 2256; x_wconf 92' lang='lat' dir='ltr'>lib.</span> <span class='ocrx_word' id='word_1_163' title='bbox 301 2183 363 2259; x_wconf 92' lang='lat' dir='ltr'>cit.</span> <span class='ocrx_word' id='word_1_164' title='bbox 395 2208 425 2258; x_wconf 89' lang='lat' dir='ltr'>a.</span> <span class='ocrx_word' id='word_1_165' title='bbox 462 2191 567 2274; x_wconf 81' lang='lat'>154⁶·</span> <span class='ocrx_word' id='word_1_166' title='bbox 624 2181 706 2284; x_wconf 81' lang='lat' dir='ltr'>Quo</span> <span class='ocrx_word' id='word_1_167' title='bbox 742 2180 820 2256; x_wconf 88' lang='lat' dir='ltr'>elati</span> <span class='ocrx_word' id='word_1_168' title='bbox 853 2179 1023 2271; x_wconf 80' lang='lat' dir='ltr'>succeliu,</span> <span class='ocrx_word' id='word_1_169' title='bbox 1056 2205 1188 2260; x_wconf 92' lang='lat' dir='ltr'>novum</span> <span class='ocrx_word' id='word_1_170' title='bbox 1217 2190 1257 2265; x_wconf 88' lang='lat' dir='ltr'>in</span> 
     </span>
     <span class='ocr_line' id='line_1_22' title="bbox 57 2275 1256 2377; baseline 0.004 -28"><span class='ocrx_word' id='word_1_171' title='bbox 57 2275 271 2351; x_wconf 89' lang='lat' dir='ltr'>Cranmerum</span> <span class='ocrx_word' id='word_1_172' title='bbox 306 2301 377 2354; x_wconf 93' lang='lat' dir='ltr'>non</span> <span class='ocrx_word' id='word_1_173' title='bbox 409 2299 543 2354; x_wconf 87' lang='lat' dir='ltr'>tantum</span> <span class='ocrx_word' id='word_1_174' title='bbox 576 2280 649 2377; x_wconf 87' lang='lat' dir='ltr'>ejus</span> <span class='ocrx_word' id='word_1_175' title='bbox 672 2277 788 2352; x_wconf 81' lang='lat' dir='ltr'>hostes</span> <span class='ocrx_word' id='word_1_176' title='bbox 811 2276 968 2350; x_wconf 86' lang='lat' dir='ltr'>fecerunt</span> <span class='ocrx_word' id='word_1_177' title='bbox 991 2281 1172 2372; x_wconf 89' lang='lat' dir='ltr'>inpetum,</span> <span class='ocrx_word' id='word_1_178' title='bbox 1198 2283 1256 2358; x_wconf 88' lang='lat' dir='ltr'>sed</span> 
     </span>
     <span class='ocr_line' id='line_1_23' title="bbox 55 2370 1258 2469; baseline 0.007 -27"><span class='ocrx_word' id='word_1_179' title='bbox 55 2371 204 2468; x_wconf 84' lang='lat' dir='ltr'>eripiam</span> <span class='ocrx_word' id='word_1_180' title='bbox 230 2375 404 2469; x_wconf 84' lang='lat' dir='ltr'>Reginam</span> <span class='ocrx_word' id='word_1_181' title='bbox 422 2374 641 2450; x_wconf 83' lang='lat' dir='ltr'>catharinam</span> <span class='ocrx_word' id='word_1_182' title='bbox 661 2378 782 2460; x_wconf 85' lang='lat' dir='ltr'>Parte,</span> <span class='ocrx_word' id='word_1_183' title='bbox 811 2370 948 2444; x_wconf 89' lang='lat' dir='ltr'>viduam</span> <span class='ocrx_word' id='word_1_184' title='bbox 968 2373 1155 2462; x_wconf 88' lang='lat' dir='ltr'>Latimeri‚</span> <span class='ocrx_word' id='word_1_185' title='bbox 1182 2377 1258 2450; x_wconf 90' lang='lat' dir='ltr'>Re·</span> 
     </span>
     <span class='ocr_line' id='line_1_24' title="bbox 58 2467 1260 2568; baseline 0.002 -24"><span class='ocrx_word' id='word_1_186' title='bbox 58 2467 106 2562; x_wconf 75' lang='lat' dir='ltr'>gi,</span> <span class='ocrx_word' id='word_1_187' title='bbox 151 2471 285 2545; x_wconf 89' lang='lat' dir='ltr'>uieam</span> <span class='ocrx_word' id='word_1_188' title='bbox 312 2493 339 2544; x_wconf 86' lang='lat' dir='ltr'>a.</span> <span class='ocrx_word' id='word_1_189' title='bbox 370 2493 474 2568; x_wconf 80' lang='lat'>1543.</span> <span class='ocrx_word' id='word_1_190' title='bbox 498 2472 661 2558; x_wconf 85' lang='lat' dir='ltr'>duxerat,</span> <span class='ocrx_word' id='word_1_191' title='bbox 688 2467 954 2555; x_wconf 73' lang='lat' dir='ltr'>diledlilltmam‚</span> <span class='ocrx_word' id='word_1_192' title='bbox 979 2489 1016 2540; x_wconf 91' lang='lat' dir='ltr'>et</span> <span class='ocrx_word' id='word_1_193' title='bbox 1039 2470 1260 2546; x_wconf 88' lang='lat' dir='ltr'>reformatio·</span> 
     </span>
     <span class='ocr_line' id='line_1_25' title="bbox 59 2492 1259 2667; baseline 0.01 -33"><span class='ocrx_word' id='word_1_194' title='bbox 59 2565 105 2636; x_wconf 83' lang='lat' dir='ltr'>nis</span> <span class='ocrx_word' id='word_1_195' title='bbox 128 2492 411 2641; x_wconf 65' lang='lat' dir='ltr'>iudiosrffirnam.</span> <span class='ocrx_word' id='word_1_196' title='bbox 459 2567 564 2667; x_wconf 80' lang='lat' dir='ltr'>Quod</span> <span class='ocrx_word' id='word_1_197' title='bbox 600 2585 714 2640; x_wconf 89' lang='lat' dir='ltr'>tamen</span> <span class='ocrx_word' id='word_1_198' title='bbox 745 2562 903 2638; x_wconf 79' lang='lat' dir='ltr'>hostibus</span> <span class='ocrx_word' id='word_1_199' title='bbox 922 2563 1011 2636; x_wconf 82' lang='lat' dir='ltr'>male</span> <span class='ocrx_word' id='word_1_200' title='bbox 1032 2566 1149 2640; x_wconf 84' lang='lat' dir='ltr'>cellit:</span> <span class='ocrx_word' id='word_1_201' title='bbox 1173 2589 1259 2646; x_wconf 86' lang='lat' dir='ltr'>cum</span> 
     </span>
     <span class='ocr_line' id='line_1_26' title="bbox 57 2655 1260 2760; baseline 0.009 -29"><span class='ocrx_word' id='word_1_202' title='bbox 57 2655 221 2756; x_wconf 85' lang='lat' dir='ltr'>ingentem</span> <span class='ocrx_word' id='word_1_203' title='bbox 251 2657 395 2737; x_wconf 75' lang='lat' dir='ltr'>inde&#39;in</span> <span class='ocrx_word' id='word_1_204' title='bbox 422 2686 484 2737; x_wconf 82' lang='lat' dir='ltr'>eon</span> <span class='ocrx_word' id='word_1_205' title='bbox 510 2661 713 2760; x_wconf 88' lang='lat' dir='ltr'>conceperit</span> <span class='ocrx_word' id='word_1_206' title='bbox 738 2660 823 2735; x_wconf 89' lang='lat' dir='ltr'>iram</span> <span class='ocrx_word' id='word_1_207' title='bbox 849 2659 1043 2751; x_wconf 68' lang='lat' dir='ltr'>Heracus,</span> <span class='ocrx_word' id='word_1_208' title='bbox 1072 2659 1110 2737; x_wconf 94' lang='lat' dir='ltr'>in</span> <span class='ocrx_word' id='word_1_209' title='bbox 1134 2662 1260 2758; x_wconf 80' lang='lat' dir='ltr'>primia</span> 
     </span>
     <span class='ocr_line' id='line_1_27' title="bbox 62 2753 1259 2856; baseline 0.009 -31"><span class='ocrx_word' id='word_1_210' title='bbox 62 2753 93 2826; x_wconf 92' lang='lat' dir='ltr'>in</span> <span class='ocrx_word' id='word_1_211' title='bbox 124 2759 334 2854; x_wconf 84' lang='lat' dir='ltr'>Episcopum</span> <span class='ocrx_word' id='word_1_212' title='bbox 362 2757 616 2848; x_wconf 85' lang='lat' dir='ltr'>Wincestriae,</span> <span class='ocrx_word' id='word_1_213' title='bbox 642 2773 678 2830; x_wconf 89' lang='lat' dir='ltr'>et</span> <span class='ocrx_word' id='word_1_214' title='bbox 701 2755 838 2832; x_wconf 91' lang='lat' dir='ltr'>Ducem</span> <span class='ocrx_word' id='word_1_215' title='bbox 863 2753 1090 2848; x_wconf 87' lang='lat' dir='ltr'>Norfolciae,</span> <span class='ocrx_word' id='word_1_216' title='bbox 1116 2759 1259 2856; x_wconf 86' lang='lat' dir='ltr'>ejusque</span> 
     </span>
     <span class='ocr_line' id='line_1_28' title="bbox 62 2849 1258 2950; baseline 0.01 -28"><span class='ocrx_word' id='word_1_217' title='bbox 62 2849 157 2926; x_wconf 88' lang='lat' dir='ltr'>lilium</span> <span class='ocrx_word' id='word_1_218' title='bbox 183 2854 319 2937; x_wconf 80' lang='lat' dir='ltr'>Surrei,</span> <span class='ocrx_word' id='word_1_219' title='bbox 345 2853 404 2950; x_wconf 92' lang='lat' dir='ltr'>qui</span> <span class='ocrx_word' id='word_1_220' title='bbox 425 2854 494 2927; x_wconf 93' lang='lat' dir='ltr'>duo</span> <span class='ocrx_word' id='word_1_221' title='bbox 521 2852 730 2949; x_wconf 80' lang='lat' dir='ltr'>posteriores</span> <span class='ocrx_word' id='word_1_222' title='bbox 752 2851 824 2925; x_wconf 88' lang='lat' dir='ltr'>irae</span> <span class='ocrx_word' id='word_1_223' title='bbox 848 2851 922 2946; x_wconf 88' lang='lat' dir='ltr'>ejus</span> <span class='ocrx_word' id='word_1_224' title='bbox 948 2849 1075 2925; x_wconf 70' lang='lat' dir='ltr'>efferta</span> <span class='ocrx_word' id='word_1_225' title='bbox 1102 2855 1258 2934; x_wconf 81' lang='lat' dir='ltr'>maxime</span> 
     </span>
     <span class='ocr_line' id='line_1_29' title="bbox 62 2945 1262 3044; baseline 0.001 -28"><span class='ocrx_word' id='word_1_226' title='bbox 62 2947 231 3024; x_wconf 85' lang='lat' dir='ltr'>senserunt.</span> <span class='ocrx_word' id='word_1_227' title='bbox 284 2951 314 3024; x_wconf 87' lang='lat' dir='ltr'>E</span> <span class='ocrx_word' id='word_1_228' title='bbox 342 2949 476 3044; x_wconf 80' lang='lat' dir='ltr'>iscoput</span> <span class='ocrx_word' id='word_1_229' title='bbox 499 2952 593 3023; x_wconf 91' lang='lat' dir='ltr'>enim</span> <span class='ocrx_word' id='word_1_230' title='bbox 622 2945 838 3044; x_wconf 72' lang='lat' dir='ltr'>subjectione</span> <span class='ocrx_word' id='word_1_231' title='bbox 861 2949 917 3019; x_wconf 89' lang='lat' dir='ltr'>sua</span> <span class='ocrx_word' id='word_1_232' title='bbox 944 2946 978 3018; x_wconf 88' lang='lat' dir='ltr'>se</span> <span class='ocrx_word' id='word_1_233' title='bbox 1001 2968 1152 3022; x_wconf 84' lang='lat' dir='ltr'>amorre</span> <span class='ocrx_word' id='word_1_234' title='bbox 1170 2951 1262 3025; x_wconf 70' lang='lat' dir='ltr'>libe.⁸</span> 
     </span>
     <span class='ocr_line' id='line_1_30' title="bbox 64 2976 1259 3144; baseline 0.008 -33"><span class='ocrx_word' id='word_1_235' title='bbox 64 3047 163 3128; x_wconf 82' lang='lat' dir='ltr'>ravit,</span> <span class='ocrx_word' id='word_1_236' title='bbox 191 3045 276 3120; x_wconf 83' lang='lat' dir='ltr'>licor</span> <span class='ocrx_word' id='word_1_237' title='bbox 309 2976 466 3120; x_wconf 72' lang='lat' dir='ltr'>innurem</span> <span class='ocrx_word' id='word_1_238' title='bbox 499 3045 610 3144; x_wconf 88' lang='lat' dir='ltr'>Regis</span> <span class='ocrx_word' id='word_1_239' title='bbox 644 3067 716 3119; x_wconf 89' lang='lat' dir='ltr'>non</span> <span class='ocrx_word' id='word_1_240' title='bbox 748 3039 1029 3136; x_wconf 87' lang='lat' dir='ltr'>recuperaverit,</span> <span class='ocrx_word' id='word_1_241' title='bbox 1065 3045 1148 3119; x_wconf 82' lang='lat' dir='ltr'>Dua</span> <span class='ocrx_word' id='word_1_242' title='bbox 1170 3069 1259 3126; x_wconf 86' lang='lat' dir='ltr'>vero</span> 
     </span>
     <span class='ocr_line' id='line_1_31' title="bbox 66 3133 1257 3239; baseline 0.01 -33"><span class='ocrx_word' id='word_1_243' title='bbox 66 3133 278 3230; x_wconf 89' lang='lat' dir='ltr'>Norsolciae‚</span> <span class='ocrx_word' id='word_1_244' title='bbox 303 3141 444 3238; x_wconf 89' lang='lat' dir='ltr'>ejusque</span> <span class='ocrx_word' id='word_1_245' title='bbox 483 3142 592 3229; x_wconf 88' lang='lat' dir='ltr'>lilius,</span> <span class='ocrx_word' id='word_1_246' title='bbox 620 3159 781 3238; x_wconf 86' lang='lat' dir='ltr'>tanquam</span> <span class='ocrx_word' id='word_1_247' title='bbox 814 3136 867 3211; x_wconf 90' lang='lat' dir='ltr'>rei</span> <span class='ocrx_word' id='word_1_248' title='bbox 900 3135 1006 3210; x_wconf 86' lang='lat' dir='ltr'>laesae</span> <span class='ocrx_word' id='word_1_249' title='bbox 1040 3139 1257 3239; x_wconf 83' lang='lat' dir='ltr'>Majestatir,</span> 
     </span>
     <span class='ocr_line' id='line_1_32' title="bbox 64 3231 1260 3332; baseline 0.008 -28"><span class='ocrx_word' id='word_1_250' title='bbox 64 3231 134 3309; x_wconf 90' lang='lat' dir='ltr'>licet</span> <span class='ocrx_word' id='word_1_251' title='bbox 150 3235 296 3332; x_wconf 87' lang='lat' dir='ltr'>injuste,</span> <span class='ocrx_word' id='word_1_252' title='bbox 320 3236 542 3311; x_wconf 87' lang='lat' dir='ltr'>condemnati</span> <span class='ocrx_word' id='word_1_253' title='bbox 566 3239 642 3310; x_wconf 87' lang='lat' dir='ltr'>sunt</span> <span class='ocrx_word' id='word_1_254' title='bbox 658 3239 699 3310; x_wconf 91' lang='lat' dir='ltr'>ad</span> <span class='ocrx_word' id='word_1_255' title='bbox 714 3253 889 3322; x_wconf 88' lang='lat' dir='ltr'>mortem;</span> <span class='ocrx_word' id='word_1_256' title='bbox 914 3255 1012 3328; x_wconf 84' lang='lat' dir='ltr'>quam</span> <span class='ocrx_word' id='word_1_257' title='bbox 1032 3235 1122 3311; x_wconf 85' lang='lat' dir='ltr'>filius</span> <span class='ocrx_word' id='word_1_258' title='bbox 1142 3256 1260 3320; x_wconf 88' lang='lat' dir='ltr'>tamen</span> 
     </span>
     <span class='ocr_line' id='line_1_33' title="bbox 65 3327 1259 3437; baseline 0 -39"><span class='ocrx_word' id='word_1_259' title='bbox 65 3327 120 3402; x_wconf 90' lang='lat' dir='ltr'>luit</span> <span class='ocrx_word' id='word_1_260' title='bbox 139 3331 239 3420; x_wconf 84' lang='lat' dir='ltr'>solur,</span> <span class='ocrx_word' id='word_1_261' title='bbox 271 3333 390 3422; x_wconf 90' lang='lat' dir='ltr'>Patre,</span> <span class='ocrx_word' id='word_1_262' title='bbox 415 3350 529 3406; x_wconf 88' lang='lat' dir='ltr'>morte</span> <span class='ocrx_word' id='word_1_263' title='bbox 554 3329 662 3426; x_wconf 81' lang='lat' dir='ltr'>Regin</span> <span class='ocrx_word' id='word_1_264' title='bbox 683 3331 961 3420; x_wconf 90' lang='lat' dir='ltr'>interveniente,</span> <span class='ocrx_word' id='word_1_265' title='bbox 995 3329 1153 3437; x_wconf 72' lang='lat' dir='ltr'>liberarp.</span> <span class='ocrx_word' id='word_1_266' title='bbox 1206 3341 1259 3412; x_wconf 86' lang='lat' dir='ltr'>U.</span> 
     </span>
    </p>
   </div>
   <div class='ocr_carea' id='block_1_3' title="bbox 67 3423 1262 3808">
    <p class='ocr_par' dir='ltr' id='par_1_3' title="bbox 67 3423 1262 3808">
     <span class='ocr_line' id='line_1_34' title="bbox 67 3423 1258 3524; baseline 0.008 -31"><span class='ocrx_word' id='word_1_267' title='bbox 67 3423 151 3515; x_wconf 89' lang='lat' dir='ltr'>nita,</span> <span class='ocrx_word' id='word_1_268' title='bbox 172 3428 229 3501; x_wconf 87' lang='lat' dir='ltr'>vel</span> <span class='ocrx_word' id='word_1_269' title='bbox 254 3429 438 3524; x_wconf 88' lang='lat' dir='ltr'>praecipua</span> <span class='ocrx_word' id='word_1_270' title='bbox 462 3429 569 3512; x_wconf 83' lang='lat' dir='ltr'>ratio,</span> <span class='ocrx_word' id='word_1_271' title='bbox 595 3449 682 3522; x_wconf 88' lang='lat' dir='ltr'>quae</span> <span class='ocrx_word' id='word_1_272' title='bbox 707 3428 844 3524; x_wconf 91' lang='lat' dir='ltr'>Regem</span> <span class='ocrx_word' id='word_1_273' title='bbox 870 3445 939 3499; x_wconf 87' lang='lat' dir='ltr'>tarn</span> <span class='ocrx_word' id='word_1_274' title='bbox 965 3427 1196 3502; x_wconf 82' lang='lat' dir='ltr'>vehementer</span> <span class='ocrx_word' id='word_1_275' title='bbox 1219 3431 1258 3503; x_wconf 93' lang='lat' dir='ltr'>in</span> 
     </span>
     <span class='ocr_line' id='line_1_35' title="bbox 67 3521 1262 3620; baseline 0.01 -33"><span class='ocrx_word' id='word_1_276' title='bbox 67 3537 121 3588; x_wconf 82' lang='lat' dir='ltr'>eor</span> <span class='ocrx_word' id='word_1_277' title='bbox 144 3521 325 3614; x_wconf 84' lang='lat' dir='ltr'>animavit,</span> <span class='ocrx_word' id='word_1_278' title='bbox 348 3522 447 3598; x_wconf 83' lang='lat' dir='ltr'>fuilie</span> <span class='ocrx_word' id='word_1_279' title='bbox 479 3523 646 3612; x_wconf 89' lang='lat' dir='ltr'>traditur,</span> <span class='ocrx_word' id='word_1_280' title='bbox 672 3523 761 3620; x_wconf 90' lang='lat' dir='ltr'>quod</span> <span class='ocrx_word' id='word_1_281' title='bbox 786 3545 850 3594; x_wconf 82' lang='lat' dir='ltr'>rex</span> <span class='ocrx_word' id='word_1_282' title='bbox 876 3539 1068 3602; x_wconf 81' lang='lat' dir='ltr'>metueret,</span> <span class='ocrx_word' id='word_1_283' title='bbox 1094 3544 1157 3608; x_wconf 89' lang='lat' dir='ltr'>ne,</span> <span class='ocrx_word' id='word_1_284' title='bbox 1184 3522 1262 3617; x_wconf 83' lang='lat' dir='ltr'>post</span> 
     </span>
     <span class='ocr_line' id='line_1_36' title="bbox 68 3614 1260 3808; baseline -0.003 -115"><span class='ocrx_word' id='word_1_285' title='bbox 68 3619 338 3715; x_wconf 70' lang='lat' dir='ltr'>mancusorum,</span> <span class='ocrx_word' id='word_1_286' title='bbox 368 3621 439 3698; x_wconf 85' lang='lat' dir='ltr'>duo</span> <span class='ocrx_word' id='word_1_287' title='bbox 474 3617 512 3700; x_wconf 85' lang='lat' dir='ltr'>hi</span> <span class='ocrx_word' id='word_1_288' title='bbox 543 3617 634 3788; x_wconf 50' lang='lat' dir='ltr'>viri</span> <span class='ocrx_word' id='word_1_289' title='bbox 644 3617 894 3808; x_wconf 59' lang='grc' dir='ltr'>ι[ιιὲεείΐιοιιειιι</span> <span class='ocrx_word' id='word_1_290' title='bbox 926 3614 1077 3690; x_wconf 85' lang='lat' dir='ltr'>Eduardi</span> <span class='ocrx_word' id='word_1_291' title='bbox 1101 3616 1260 3792; x_wconf 56' lang='lat' dir='ltr'>filiuiiii&#39;·</span> 
     </span>
    </p>
   </div>
   <div class='ocr_carea' id='block_1_4' title="bbox 0 0 1555 4436">
    <p class='ocr_par' dir='ltr' id='par_1_4' title="bbox 0 0 1555 4436">
     <span class='ocr_line' id='line_1_37' title="bbox 0 0 1555 4436; baseline 0 0"><span class='ocrx_word' id='word_1_292' title='bbox 0 0 1555 4436; x_wconf 95' lang='lat' dir='ltr'> </span> 
     </span>
    </p>
   </div>
  </div>
 </body>
</html>
