3148 4434
576 165 680 248 Sr'cul.
708 171 810 250 XVI.
1225 157 1296 274 461.

86 349 184 427 aniam
210 348 357 424 Mediae
373 343 539 435 Davidis‚
566 347 621 422 seu
642 347 808 442 Spiritus,
835 370 929 428 nunc
947 349 1170 448 erigendam,
1200 379 1301 452 prae·

80 453 177 544 cipue
212 451 250 520 in
276 448 390 520 oculis
412 443 588 530 habuerit,
617 467 680 516 nec
704 469 774 518 non
797 444 978 522 litteralem
1006 450 1052 523 stc
1076 451 1231 541 dissum,
1249 475 1298 546 ,et

83 565 287 630 externum,
308 541 507 630 scripturae
525 538 676 626 sensum,
704 560 738 612 et
756 543 821 615 bac
837 543 972 616 ratione
988 547 1021 618 ei
1040 547 1297 626 Oeconomiam

11 674 13 680 ·
81 639 224 733 Spiritus
257 640 291 711 S.
325 637 551 734 opposuerit,
586 659 746 730 tanquam
775 653 883 712 totam
918 637 1092 714 internam
1120 661 1156 716 et
1185 647 1296 741 Spiri-

81 735 222 806 tualem:
250 735 332 807 licet
361 731 503 804 confuse
528 750 563 802 et
588 733 692 804 nimis
708 735 919 827 adroganter
944 757 1098 808 mentem
1117 741 1296 835 expresse·

78 835 138 904 rit.
178 831 260 919 Sic,
287 828 379 913 quod
406 828 571 901 mundum
591 827 717 901 dixita
738 829 770 900 se
789 828 1032 922 judicandum,
1060 836 1231 927 explicat,
1255 855 1294 914 et

74 923 270 1020 restringit,
296 924 389 1019 first
405 925 515 1022 sandi
548 922 713 996 dicuntur
740 929 905 998 mundum
929 928 1119 1024 judicaturi
1143 951 1162 1001 a
1185 933 1292 1014 Paulo

13 1025 15 1036 '
75 1021 287 1095 1Cor.V1.
336 1018 509 1120 Quicquid
543 1019 602 1107 stt,
637 1043 694 1092 me
725 1043 744 1092 a
770 1023 921 1094 veritate
951 1043 987 1095 ct
1018 1023 1193 1098 charitate
1219 1051 1291 1104 non

72 1120 270 1213 putaverim
295 1116 494 1204 discedere,
527 1113 551 1187 sr
574 1115 781 1210 praecipua,
809 1115 909 1212 supra
933 1118 965 1191 in
990 1120 1138 1194 medium
1160 1123 1289 1214 adlata,

72 1213 327 1288 adfirmaverim
361 1209 431 1284 else
454 1231 555 1297 veta,
580 1211 665 1284 licet
693 1213 783 1284 inter
807 1234 848 1288 ea
871 1213 958 1307 sunt,
983 1234 1021 1289 et
1043 1217 1188 1294 minoris
1212 1243 1290 1308 nso·¹

71 1311 203 1400 menti,
229 1325 265 1382 et
287 1327 373 1406 quae
396 1306 548 1382 excusari
573 1306 723 1402 poliunt.

437 1445 911 1576 unni-antuman.

417 1687 650 1764 nrrcnnan
674 1687 947 1764 snnvnnus.

123 1883 156 1982 ς.
181 1879 412 1959 CCCCLXll.
440 1877 543 1951 Fides
567 1876 744 1954 catholica
768 1899 837 1973 quo
860 1895 1064 1976 tempores
1089 1884 1289 1964 Protelian·v

75 1979 167 2054 tibus
189 1981 229 2052 ad
260 1999 407 2052 examen
440 1973 563 2068 coepit
595 1973 771 2063 revocari,
806 1996 876 2048 non
907 1978 1110 2070 desuemnt,
1137 1984 1194 2080 qui
1219 1986 1294 2060 hac.
1375 2063 1381 2072 ,

75 2079 237 2150 libertate
264 2071 378 2162 abusi,
404 2070 445 2144 ad
470 2070 612 2166 quaevis
634 2067 813 2164 religionis
834 2071 1048 2150 Christianae
1070 2077 1183 2170 capita
1200 2103 1285 2154 exa·

76 2173 254 2257 minanda,
280 2187 316 2241 et
340 2166 377 2242 in
404 2167 545 2242 dubium
563 2168 735 2253 vocanda,
761 2163 828 2238 sese
844 2169 1092 2261 adcinxerunt,
1117 2171 1153 2249 in
1169 2173 1289 2275 specie

100 2268 308 2341 ravilsrmum
327 2262 430 2353 illud,
448 2281 484 2336 et
502 2259 802 2358 inperscrutabile,
816 2264 914 2358 cujus
931 2265 1033 2342 nintis
1049 2272 1209 2346 adcurata
1224 2274 1288 2346 de·

76 2289 213 2454 hostio,
231 2359 378 2435 vocibus
393 2378 429 2428 et
447 2358 620 2454 phrasibus
636 2381 707 2434 non
725 2357 963 2455 scripturariis
979 2363 1160 2454 adhibitis,
1185 2368 1286 2442 innu-

76 2479 184 2532 meras
198 2455 338 2570 peperit
353 2454 557 2542 divisiones,
586 2475 622 2528 et
639 2455 869 2541 calamitates,
895 2459 940 2530 de
959 2459 1091 2534 Divina
1110 2481 1229 2535 natura
1244 2483 1284 2538 et

74 2552 249 2642 Personts,
274 2570 312 2624 et
339 2551 397 2627 vel
420 2569 557 2623 veteres
579 2571 711 2623 errores
735 2571 961 2639 revocarunt,
986 2557 1043 2628 vel
1070 2579 1183 2630 novos
1210 2558 1291 2632 for··

75 2667 228 2737 manunt,
260 2646 316 2745 qul
341 2647 494 2742 generali
532 2645 636 2719 titulo
664 2647 1000 2720 Anti-trislrarlorsm
1024 2651 1280 2748 insigniuntur,

71 2743 130 2818 sed
164 2746 276 2819 secum
312 2741 405 2815 varie
439 2739 650 2828 dissentiunt,
707 2741 864 2837 Quorum
902 2745 1031 2839 primus
1070 2751 1281 2824 mernoratur

73 2839 226 2914 Michael
260 2839 434 2912 Servetur:
478 2839 575 2932 cujus
616 2835 783 2923 historia,
831 2841 935 2912 multa
975 2843 1283 2936 comprehendens

71 2937 175 3010 valde
206 2934 390 3021 notabilia,
422 2932 661 3007 traslatlonem
695 2953 849 3004 meretur
880 2936 1157 3029 adcurationemr
1192 2963 1281 3039 quae

68 3029 206 3106 facilius
239 3049 332 3102 nunc
361 3027 490 3103 institui
526 3027 660 3126 potest,
695 3028 874 3126 postquam
908 3029 977 3104 duo
1010 3034 1173 3128 praeclari
1206 3039 1278 3112 viri

71 3126 218 3200 clariore
259 3145 333 3198 earn
372 3123 588 3200 collocarunt
620 3125 657 3198 in
693 3127 788 3212 luce,
823 3125 976 3202 Michael
1014 3131 1146 3204 scilicet
1179 3129 1222 3207 de
1245 3135 1279 3214 la

66 3220 217 3310 Rocbe,
249 3221 286 3293 in
319 3219 405 3293 Bibl.
433 3222 535 3316 Angl.
561 3243 643 3296 torn.
671 3221 738 3308 11.,
763 3224 817 3294 vir
842 3222 974 3314 petitus
997 3246 1032 3298 et
1057 3229 1278 3322 moderatus,

69 3319 128 3412 qui
156 3318 336 3409 plerosque
362 3315 436 3410 ejus
454 3317 589 3407 libros,¹
604 3336 638 3388 et
652 3316 777 3410 judicii
794 3317 886 3406 adia,
913 3320 946 3390 in
967 3321 1122 3395 manibus
1139 3325 1279 3416 habuit,

70 3433 107 3487 et
128 3409 384 3494 Mosneimius
408 3411 549 3501 iisdem,
577 3413 633 3484 sed
651 3431 686 3482 et
703 3412 793 3496 aliis,
823 3413 971 3490 subsidiis
988 3417 1191 3506 instruslus,
1218 3445 1280 3493 cu·

64 3504 124 3598 jus
160 3509 218 3582 sub
251 3504 414 3601 auspiciis
436 3507 627 3582 'historiam
661 3509 852 3584 Michaelis
887 3514 1023 3585 Serveli
1051 3515 1279 3609 conscripsit,

67 3601 192 3686 Heus·
215 3603 431 3688 disperdes
461 3603 672 3780 staden&in
680 3605 848 3794 1clatglogo
877 3607 980 3690 etiam
1005 3605 1163 3705 praefixo
1185 3629 1285 3684 auro.

88 3723 95 3732 ’
1156 3781 1166 3810 ,
1190 3730 1294 3812 sum,
