3148 4434
517 241 795 334 ‚aarum
1220 201 1301 348 iai

52 425 234 532 agnovit,
265 439 305 499 et
334 423 376 498 ad
402 421 570 501 saniorem
595 425 700 501 rediit
731 441 900 504 mentem.
948 423 1066 504 Natus
1087 423 1153 504 fuit
1176 427 1291 529 fingat

55 531 142 604 laris
173 523 231 598 nic
264 522 319 596 vit
349 523 446 596 initio
478 523 582 598 seculi
616 523 796 598 eviliorir
819 520 1032 600 conditionis
1062 527 1290 622 parentibus,

52 645 161 724 patre
188 619 363 714 Georgio,
391 617 676 708 Amersfortensr,
701 641 802 716 quem
830 619 1006 696 ludionem
1024 621 1126 698 suiffe
1141 625 1288 712 volunt,

54 741 100 796 et
127 737 239 792 matre
262 717 400 804 Marta,
424 738 532 814 quae,
567 735 726 812 tanquam
751 715 1039 811 Anabaptisticae
1063 717 1197 809 tettae,
1223 720 1288 793 de·

57 817 193 890 collata
214 808 264 886 est
287 834 318 885 a.
348 833 456 905 1537.
480 810 652 909 Delphis,
678 809 755 900 sed,
780 815 855 908 quio
881 812 1055 907 honestiore
1081 831 1153 887 erat
1170 814 1287 911 fonti·

60 916 115 984 lia
149 923 248 998 nala,
285 910 319 978 in
358 911 491 1004 quodam
524 911 710 1002 monasterio
731 909 889 1004 sepulta,
922 909 1036 1006 inquit
1060 909 1284 988 Bleiadikiur.

57 1008 165 1104 Ipse,
190 1005 367 1081 illiteratus
391 1005 497 1094 licet,
522 1007 611 1078 actis
635 1003 786 1100 ingenti,
810 1022 919 1078 artem
950 1008 1205 1101 pingendurum
1230 1005 1286 1084 vi·

60 1125 200 1182 uorum
231 1101 410 1190 exercuit,
443 1119 583 1174 etcum
607 1119 708 1196 patre
731 1101 774 1172 ad
799 1099 898 1174 ludus
922 1101 1157 1176 ostendendos
1180 1107 1288 1177 ober-

61 1199 175 1288 ravit,
206 1195 388 1290 personam
422 1195 566 1270 Doridis
596 1196 715 1290 pallito
740 1219 865 1292 agens,
899 1200 991 1270 unde
1014 1197 1155 1271 Doridis
1182 1195 1291 1274 traxit

63 1315 222 1380 nornen,
246 1307 343 1364 antea
370 1291 483 1365 diulus
509 1289 708 1388 simpliciter
740 1292 916 1388 Georgius,
944 1296 1001 1367 seu
1024 1295 1126 1390 Jotis.
1149 1322 1153 1334 ¹
1177 1297 1290 1368 Adul-

68 1399 199 1470 tioteni
227 1384 345 1459 nactus
370 1409 542 1476 aetatem,
567 1407 663 1460 tanto
688 1387 725 1459 in
752 1389 980 1462 idololatriam
1006 1387 1209 1486 Papisticann
1226 1387 1292 1465 fla·

66 1487 192 1590 gravit
218 1479 317 1570 zelo,
342 1503 402 1570 ut,
429 1503 591 1579 tempore
614 1483 856 1578 ptoceffionis,
881 1485 1021 1580 publice
1037 1485 1235 1562 sacerdotes
1248 1511 1290 1560 e·

66 1585 161 1686 gerit
187 1577 397 1660 idololatriae
421 1603 519 1670 reos,
543 1583 729 1675 omnesque
753 1584 796 1653 ab
811 1601 850 1653 ea
867 1583 1068 1656 dehortatus
1085 1581 1137 1657 stt.
1172 1583 1290 1681 Quam

67 1691 116 1758 ob
144 1673 278 1752 daniam
311 1673 349 1746 in
379 1698 554 1748 carcerem
579 1673 779 1770 conjettns,
809 1675 923 1770 lingua
949 1677 1146 1771 perforata,
1176 1677 1289 1774 virgin

67 1777 209 1860 caelus,
234 1789 271 1842 et
298 1792 342 1842 ex
372 1774 456 1844 urbe
482 1774 652 1864 relegatus
678 1767 728 1840 est
753 1791 794 1842 a:
813 1778 919 1858 1528.
960 1773 1054 1842 Dein
1080 1771 1113 1841 se
1129 1771 1291 1862 adjunxit

71 1865 331 1964 Anabaptistis,
356 1887 374 1936 a
402 1867 603 1940 Melchiore
627 1863 833 1936 Hofrnanno
858 1860 1050 1955 susceptus,
1077 1885 1096 1936 a
1121 1863 1293 1957 Johanne·

71 1965 256 2050 Matthia,
284 1960 417 2033 famoso
436 1962 494 2034 illo
513 1958 799 2043 Monasterienss,
818 1958 1030 2054 llaptizatur,
1055 1975 1090 2030 et
1110 1967 1151 2032 ab
1170 1960 1295 2032 Ubnnt

70 2089 120 2142 ne
147 2057 296 2154 Philippi
322 2055 529 2131 constitutus
552 2055 746 2152 Episcopus
763 2054 982 2151 Delphensrt.
1034 2051 1292 2130 Posteaeorum

71 2178 194 2261 partes
231 2155 430 2228 diffidentes
471 2156 570 2227 unire
603 2172 749 2224 conatus
780 2149 851 2238 est,
879 2151 983 2246 padio
1007 2153 1113 2225 etiarn
1145 2151 1317 2227 unionis,

71 2285 104 2332 a,
137 2257 266 2344 1536„
297 2250 334 2322 in
365 2272 455 2344 pago
491 2246 727 2342 Westpltaliae
760 2245 952 2340 Boekholt,
985 2267 1175 2344 procurato
1198 2248 1290 2321 inter

74 2343 402 2460 Monasterienirum
423 2345 599 2454 reliquias.
619 2342 921 2454 Hofmannianos,
941 2364 977 2417 et
994 2345 1292 2455 Batenbutgicoa,
1316 2411 1320 2418 .

73 2441 923 2641 t,-lllllssttllgllll‘l,ltllllgnell?
939 2443 1293 2630 ,lttlfnlillllt

80 2641 129 2718 lul
161 2634 439 2718 Stenovicenlis,
475 2631 555 2706 dein
595 2631 663 2702 sele
695 2631 826 2702 tellum
861 2634 962 2727 regni
1002 2628 1292 2706 Monasterieustt

79 2734 342 2812 instauratorem
370 2727 486 2822 geffit,
512 2747 548 2799 et
571 2729 676 2800 multa
702 2723 852 2819 patravit
875 2724 1031 2799 nefanda.
1084 2723 1294 2824 Quudpaci

81 2855 155 2907 tum
185 2824 326 2900 unionis
350 2823 531 2917 praecipue
555 2821 591 2896 in
618 2841 737 2895 mutua
755 2821 955 2912 tolerantia,
980 2840 1016 2893 et
1033 2817 1290 2917 principiorum

83 2917 406 3004 Monasteriensrum
434 2921 683 3017 abnegatione,
711 2915 891 2990 fundatum
915 2935 1002 2990 erat.
1221 2915 1225 2973 ἓ

86 3069 95 3082 ·
132 3022 164 3119 p.
190 3017 352 3092 CCCCL.
386 3013 494 3090 Libro
527 3039 615 3088 vero
646 3035 665 3086 a
696 3012 836 3084 Davide
859 3012 903 3085 de
927 3013 993 3086 hac
1015 3010 1146 3086 unione
1169 3015 1291 3114 edito,

83 3125 115 3197 in
156 3137 226 3212 quo
262 3115 394 3186 medius
436 3109 529 3184 inter
571 3106 767 3182 diffidentes
799 3127 916 3203 partes
954 3105 1112 3196 incedit,
1140 3109 1294 3218 indeque
1327 3181 1329 3186 .

85 3233 241 3292 omnium
275 3207 337 3282 irbi
367 3204 550 3281 concitato
583 3207 685 3292 odio,
716 3204 887 3280 animum,
906 3203 946 3276 ad
975 3205 1293 3287 notamiconden·
1327 3283 1333 3298 ,

85 3315 161 3397 darn
194 3304 320 3380 setiam
351 3301 539 3396 adplicuit,
573 3301 722 3395 Spiritus
746 3301 780 3375 S.
809 3293 1225 3394 inmediarunsooetun,
1252 3323 1294 3382 et

85 3407 252 3487 sitiones,
276 3397 457 3494 justitam,
485 3417 522 3472 et
546 3395 631 3470 novi
656 3397 755 3490 regni
781 3395 930 3488 Spiritus
956 3413 993 3470 et
1010 3395 1112 3495 pacit
1123 3401 1294 3476 condito-¹

82 3527 154 3581 rent
179 3497 212 3570 se
238 3494 429 3570 venditans.
477 3495 660 3588 Flagrante
685 3491 765 3562 dein
784 3495 1029 3586 persecutione
1046 3494 1293 3592 Apobaptista·

87 3591 286 3680 rummifit
318 3589 493 3686 epistolam
527 3588 750 3662 monitoriam
775 3591 816 3661 ad
842 3591 1007 3663 Senatum
1036 3588 1298 3662 Hailandicunu

86 3699 223 3772 Haase,
247 3689 282 3762 in
309 3711 375 3784 qua
396 3689 433 3762 se
448 3683 583 3785 strputn
610 3683 683 3774 Dei,
708 3681 1302 3781 Tstdaotltsalizitpleduudqniltil

98 3784 223 3884 ..Toou
241 3785 326 3861 Vll.
630 3779 698 3853 Lll
1200 3775 1292 3868 uliud
