3000 4800
2 25 1394 417 -

1036 484 1043 491 ..

329 504 331 509 1
863 514 882 521 *u-

126 737 204 817 '126
520 714 668 818 Historia
689 713 816 818 Escles.
840 715 961 820 trois.

177 912 283 994 rmistt
316 907 485 992 Senatus,
519 917 671 976 evocato
699 895 799 996 Justo
830 898 942 996 Jona,
967 896 1160 1076 Theolopo
1176 890 1363 985 wracen.-

160 1007 316 1114 ergense.
363 1003 526 1109 Ceterum
561 1015 700 1071 narrant
723 1015 882 1087 autores,
906 995 991 1074 illud
1015 1001 1105 1080 beue
1132 1004 1229 1079 ciuus
1249 1002 1361 1088 fuist

128 1113 175 1192 ab
201 1111 352 1190 Albertu
376 1093 559 1175 Cardtuale
582 1095 782 1169 redemtum
804 1112 899 1169 aere.

604 1281 731 1362 nNN.
759 1304 869 1378 1542.
1130 1404 1134 1411 Ι

81 1509 88 1516 ·
122 1410 134 1429 ‹
182 1487 215 1604 5
240 1483 409 1564 CXXIV.
435 1479 476 1553 ln
500 1475 680 1569 comitiis,
704 1478 820 1572 Spirat
844 1475 988 1572 habitis,
1010 1479 1105 1578 quod
1130 1481 1282 1581 primum
1299 1481 1358 1564 est

136 1590 241 1684 hujus
263 1585 347 1659 anni
373 1575 619 1666 memorabile,
642 1577 763 1648 mense
780 1576 968 1668 Februan,
993 1577 1251 1672 ferdinandus,
1277 1603 1360 1658 me.

129 1690 173 1762 'tu
192 1684 404 1766 Turturum,
429 1673 489 1772 qui
506 1673 616 1770 ipsum
634 1670 779 1768 ingente
796 1671 893 1746 clade
907 1671 1131 1765 adfecerant,
1152 1677 1249 1751 Bada
1262 1698 1359 1776 quo·

39 1863 41 1868 .
132 1798 203 1884 que
232 1790 424 1872 occupata,
465 1768 684 1864 compulsus,
720 1767 789 1841 sese
809 1767 853 1841 ad
874 1766 1144 1845 Protestuutin
1168 1787 1255 1846 vota
1274 1775 1358 1871 pls·

132 1898 179 1952 ne
207 1867 501 1947 adcommodavit.
547 1863 594 1937 'ln
628 1863 772 1937 decreto
802 1862 895 1937 enirn
916 1862 1101 1940 Comitiali
1124 1866 1357 1963 proteshtlos

129 1982 214 2047 ‘uem
236 1984 357 2040 eorum
382 1981 504 2036 contra
519 1957 710 2033 Concilium
723 1956 880 2041 admisit,
905 1959 1060 2035 inducias
1075 1962 1358 2049 thitbouen'seo

134 2066 179 2144 ad
202 2056 480 2164 quinquennium
498 2055 725 2154 prorogavit,
750 2053 988 2130 visitationem
1006 2075 1045 2131 et
1058 2054 1354 2143 reformationem

132 2165 317 2250 emesae,
343 2151 501 2256 proxime
520 2153 689 2242 suturam,
715 2151 891 2244 decrevit,
915 2150 1005 2226 adeo
1027 2153 1154 2245 etiam,
1177 2172 1219 2230 ut
1241 2157 1367 2236 dimt..

131 2259 223 2337 diam
252 2257 513 2352 Deputatorum
541 2250 583 2324 ad
607 2271 684 2322 eam
712 2270 786 2321 rem
812 2267 946 2344 partem
972 2245 1131 2323 facerent
1152 2250 1377 2332 Pmtestrns

132 2375 197 2435 tes.
245 2355 342 2441 lino,
376 2346 518 2446 majoris
548 2368 630 2440 erga
662 2367 722 2417 eos
744 2344 1010 2418 benevolentiae
1029 2344 1269 2431 ,testificandae
1292 2372 1353 2426 er.

132 2477 202 2552 go,
237 2445 530 2529 declarationem,
564 2446 623 2512 luo
646 2457 682 2509 er
709 2439 1027 2513 commissariorum
1053 2440 1350 2526 Caesareanorum

131 2543 299 2630 nomine,
333 2537 513 2623 exhibuit,
548 2556 613 2630 qua
644 2532 795 2606 Caesaris
818 2534 1105 2629 declarationem,
1129 2536 1354 2621 Ratitbouuu

131 2641 247 2717 datam
280 2628 576 2720 Protestantibus‚
608 2627 833 2703 confirmavit
864 2632 904 2703 ad
929 2631 1079 2727 quinque
1104 2653 1232 2725 annos,
1263 2645 1351 2718 eum

36 2801 41 2812 .
132 2737 205 2812 hoc
229 2727 377 2830 spirens
403 2726 546 2800 decreto
570 2725 779 2826 valituram,
797 2727 958 2820 promissa
982 2751 1122 2824 quoque
1138 2729 1264 2808 iterum
1279 2736 1349 2813 ca.

131 2852 249 2910 merae
265 2824 466 2903 visitatione
481 2844 521 2895 ac
536 2819 802 2910 reformatione,
830 2841 887 2911 et,
912 2820 936 2895 sr
957 2845 999 2896 ea
1022 2847 1093 2898 non
1110 2831 1347 2927 procederet,

132 2926 294 3030 permissa
316 2921 359 2994 iis
387 2917 603 2996 recusatione
625 2919 790 2990 Camerre
813 2917 957 2994 decreti.
1008 2918 1138 2996 Addita
1163 2943 1351 3012 praeterea

132 3023 183 3099 est
212 3015 474 3136 proscriptionis
503 3010 729 3090 Gossariensrs
759 3009 951 3110 suspensio,
983 3032 1022 3093 et
1053 3015 1232 3106 prohibita
1264 3021 1351 3102 vio·

131 3122 243 3199 lenna
283 3109 432 3190 Henrici
457 3107 722 3183 wBrunsvicenfis
753 3128 873 3182 contra
905 3131 981 3184 eam
1016 3114 1149 3190 urbem.
1206 3115 1350 3218 Quibus

95 3202 103 3218 “
133 3211 353 3301 constitutis,
385 3207 585 3302 amplifflma
619 3205 696 3278 sunt
721 3225 843 3278 contra
867 3206 1017 3280 Turtam
1042 3207 1183 3284 decretu
1203 3208 1347 3298 surrilis.

86 3372 87 3376 ,
133 3311 301 3405 Denique
337 3306 374 3377 in
401 3303 619 3399 concilium,
644 3298 809 3373 'l'ridenti
843 3302 1060 3392 habendum,
1096 3306 1348 3401 constnseruut

135 3407 290 3485 Ordines
319 3399 517 3492 Catholici,
547 3396 607 3471 sed
643 3397 711 3470 hoc
740 3399 866 3492 scopo,
899 3418 937 3471 ut
960 3400 1115 3474 tollantur
1136 3396 1283 3501 diffidit,
1309 3423 1347 3484 rs

136 3501 321 3601 christiana
346 3496 512 3573 concordia
534 3499 779 3587 redintegretur.
826 3492 1001 3569 lndiflum
1025 3519 1162 3593 quoque
1185 3519 1269 3574 mox
1292 3503 1349 3583 est

15 3619 16 3622 ‘
135 3623 228 3679 anno
260 3599 294 3673 se
319 3611 424 3667 uenre
454 3590 645 3667 concilium
679 3612 698 3662 a
728 3590 830 3685 Papa.
880 3589 940 3664 De
964 3615 1035 3687 quo
1058 3595 1157 3689 supra
1179 3590 1240 3671 suo
1263 3599 1350 3677 loco

135 3696 251 3774 arrum
277 3619 340 3765 eir.
388 3687 489 3786 Quae
510 3690 684 3784 praeclara
711 3681 874 3783 promissa
904 3689 1051 3761 multum
1076 3688 1238 3783 juvissent
1263 3715 1349 3774 cau·

132 3791 203 3870 fam
228 3783 507 3867 reformationis,
543 3781 567 3855 li
592 3784 840 3876 inplementum
860 3804 932 3854 non
956 3781 1128 3861 defuisset.
1175 3788 1352 3874 camerae

133 3888 254 3986 utique
276 3879 429 3957 visitatio
455 3900 538 3952 mox
561 3876 612 3951 cst
639 3899 656 3948 a
680 3878 824 3952 Caesare
847 3877 969 3967 dilata,
995 3896 1030 3952 et
1052 3881 1095 3954 ab
1119 3880 1197 3978 ipso
1215 3885 1273 3960 Re
1300 3913 1346 3984 e,

133 3998 317 4085 praetextu
349 3992 529 4064 motuum,
561 3972 620 4071 qui
651 3971 734 4047 inde
766 3975 1009 4070 sequerentur:
1035 3997 1141 4070 quare
1165 3999 1269 4076 prote
1320 3990 1350 4065 ti

133 4083 211 4160 funt
245 4068 443 4172 Euangelici
465 4091 539 4146 non
567 4089 700 4144 tantum
724 4091 845 4145 contra
877 4071 952 4167 ejus
969 4072 1262 4171 Jurrsdrslrouem,
1285 4083 1347 4163 sed

134 4198 194 4276 et,
219 4197 300 4256 cum
324 4193 364 4248 ea
381 4168 615 4269 Euangeliou
637 4186 813 4281 pergeret.
826 4169 1021 4270 exagitare,
1051 4168 1233 4255 rreuriuu
1256 4195 1347 4271 quu-

591 4319 619 4337 „
727 4324 734 4333 -
1274 4295 1348 4371 que
