3098 4436
426 167 434 178 '
549 163 653 244 Serus.
680 162 783 242 XVI,
1210 195 1280 294 3323

61 351 194 452 quidem
219 345 355 438 Maria,
388 347 426 422 iu
450 344 578 420 throno
606 347 792 436 collocata,
828 366 913 422 mox
939 369 1021 432 ‚cum
1052 345 1141 449 Papa
1166 355 1283 428 redire

57 452 94 526 in
119 445 284 546 gratiam,
309 465 347 519 et
371 441 566 538 Papismum
584 441 828 534 introducere,
853 449 909 520 sed
936 447 1173 540 Gurdinerus,
1198 451 1275 545 ejus

59 547 169 622 faetus
192 543 445 634 cancellarius,
477 539 549 635 ipsa
573 541 799 635 prudentior,
819 539 960 630 effecit,
988 563 1026 615 ur
1055 547 1276 641 pedetentim

60 645 141 719 iilud
164 643 286 738 egerit.
333 635 528 712 Publicavit
552 633 671 732 itaque
695 638 823 724 iniri'o,
849 649 881 711 ic
908 641 1045 736 quidem
1076 643 1278 716 Catholicae

62 739 131 814 elie
153 735 252 820 fidei,
277 731 337 809 sed
360 734 538 807 neminem
556 731 752 828 cogendum
770 732 859 824 esse,
884 737 1001 808 donec
1018 759 1073 809 res
1096 737 1277 836 religionis

62 833 230 911 communi
264 829 434 906 consensu
467 828 571 902 suerit
603 828 813 918 constituta,
848 853 893 903 eo
916 829 992 928 ipso
1020 853 1136 909 tameo
1163 837 1277 909 decla·

60 955 152 1023 rans,
185 927 284 1028 quid,
304 927 421 1002 animo
459 926 634 999 volveret.
681 927 879 1015 Praeterea,
907 947 1089 1023 praetextu
1114 951 1274 1006 motuum

59 1029 295 1113 vitandorum,
327 1017 462 1097 nemini
518 1019 648 1095 ermilit
680 1023 829 1111 docere,
861 1043 921 1096 aut
955 1025 1178 1116 concionari,
1211 1027 1274 1103 nili

59 1125 132 1198 data
159 1121 316 1196 licentia:
339 1140 411 1214 quo
439 1117 515 1211 ipo
541 1117 762 1214 Euangelicir
787 1117 856 1194 suit
879 1141 918 1192 os
944 1118 1105 1195 clausum.
1153 1121 1271 1197 Primo

59 1241 170 1294 autem
187 1219 307 1314 Regni
324 1237 420 1288 anno
436 1233 653 1310 congregato
677 1213 910 1302 Parlamento,
936 1213 1010 1287 adia
1026 1217 1178 1292 Eduardi
1196 1220 1274 1292 sunt

60 1319 194 1414 publico
225 1317 373 1389 decreto
398 1310 548 1397 abolita,
581 1309 774 1382 divortium
799 1309 948 1386 Henrici
976 1331 1056 1385 curn
1082 1314 1271 1389 Catharina
1326 1329 1328 1336 “

59 1415 274 1499 damnatum,
298 1404 469 1503 conjugio
493 1405 564 1478 hoc
587 1405 759 1480 declarato
785 1406 968 1502 legitimo,
992 1409 1148 1518 adeoque
1176 1409 1271 1484 Edu·

58 1511 139 1584 ardo
166 1501 421 1582 etElisabetha
445 1498 579 1596 spuriis.
629 1503 811 1576 Praeterea
833 1520 1032 1579 conventus
1058 1505 1193 1600 illiciti,
1226 1504 1270 1580 st·

58 1625 98 1680 re
130 1599 313 1702 religionis
339 1595 460 1688 causa,
492 1595 564 1672 five
586 1597 684 1671 aliam
711 1601 757 1672 ob
782 1598 977 1689 rationem,
1005 1603 1125 1678 severa
1150 1603 1271 1699 prohi-

58 1701 118 1778 biti
146 1699 225 1774 sunt
253 1697 313 1771 sub
341 1715 464 1790 poena.
518 1691 686 1768 Germani
709 1693 816 1766 etiam
842 1714 880 1766 et
905 1695 1016 1785 Galli,
1050 1698 1269 1772 reformatio·
1366 1713 1370 1720 '

59 1820 134 1872 nem
159 1791 321 1894 proseffi,
352 1811 466 1887 regno
494 1789 667 1862 excedere
689 1787 767 1885 juffi
788 1786 886 1862 sunt:
919 1790 1058 1884 quando
1084 1793 1266 1886 Jobannes

62 1893 167 1967 Lasco
191 1895 248 1967 Ao
277 1889 380 1977 liam,
403 1907 484 1958 curn
504 1881 623 1958 multia
647 1883 806 1974 suorum,
830 1881 998 1974 deseruit,
1023 1883 1128 1960 etiam
1146 1887 1269 1964 Petrus

60 1990 202 2085 Martyr.
251 1913 361 2060 itant
396 1999 574 2079 praeterea
603 1978 673 2076 jam
704 1980 804 2054 multi
831 1977 1142 2066 Reformatorum‚
1174 1979 1268 2058 inter

59 2105 138 2178 quot
166 2083 242 2180 ipse
275 2083 500 2166 Cranmerus,
532 2075 751 2168 incarcerati,
776 2095 814 2152 et
838 2075 1008 2173 Episcopi
1033 2075 1199 2248 depositi,
1222 2097 1268 2156 ac

62 2179 225 2256 Catholici
256 2174 420 2252 restituti.
471 2171 677 2270 Speuaruut
699 2173 814 2274 itaque
834 2171 949 2247 omnia
970 2173 1012 2248 ad
1037 2197 1074 2247 re
1092 2177 1264 2251 ormatio·

63 2276 110 2351 nis
138 2275 281 2351 totalem
306 2271 461 2359 ruinam,
494 2268 745 2346 maximorum
771 2269 909 2342 Mariae
944 2269 1148 2366 conjugium
1180 2295 1264 2349 cum

66 2371 241 2466 Philippo,
258 2367 398 2442 Infante
424 2364 634 2466 Hispaniae,
654 2363 766 2440 Caroli
791 2365 840 2440 V.
866 2363 961 2456 filio,
987 2365 1187 2443 accesnffet.

101 2469 130 2564 i.
156 2465 381 2542 cccxntv.
409 2464 548 2558 lncepit
571 2486 654 2536 mox
679 2459 814 2560 publica
835 2460 1056 2556 persecutio,
1082 2463 1262 2557 etmulti,

61 2555 1263 2756 diditi‘sinistriore’fttffldilt‘lt‘ifflltsstl'

62 2759 111 2836 lib.
132 2756 207 2846 cit,
233 2753 255 2828 l.
281 2753 344 2827 111.
371 2770 441 2826 etc.
493 2751 589 2824 Inter
612 2749 741 2847 prioris
759 2749 900 2844 generis
919 2747 1008 2842 suit,
1033 2713 1112 2825 cuin
1139 2709 1261 2843 sociis:

61 2854 122 2952 ipsa
152 2851 312 2952 Johanna
341 2846 501 2944 Regina,
533 2869 620 3016 puae
644 2846 761 2942 capita
790 2843 890 2953 plexa
914 2841 987 2936 est,
1021 2845 1114 2919 inter
1139 2847 1259 2945 poste·

62 2957 159 3024 riores
180 2949 409 3033 crannum,
458 2943 538 3017 Red
553 2964 651 3031 aeut,
685 2961 723 3014 et
743 2939 955 3034 Latrmerus,
980 2961 1120 3034 praeter
1140 2945 1258 3040 plures

60 3049 151 3136 aliut,
175 3042 258 3140 qui,
284 3037 504 3210 posteapuarn
525 3037 664 3136 publica
694 3033 731 3110 in
753 3033 985 3145 disputatione
1016 3035 1193 3128 Londini‚
1219 3059 1260 3113 er

61 3141 128 3218 dein
162 3137 346 3227 Oxoniae3
378 3158 398 3208 e
427 3153 487 3207 ent
521 3132 719 3232 prostituti,
753 3151 795 3205 ac
830 3129 1066 3224 indignissime
1098 3131 1257 3225 traditi,
1296 3214 1298 3223 ¹

63 3237 252 3314 clamoribus
283 3251 320 3306 et
349 3229 519 3305 convitiis
550 3228 723 3320 continuo
759 3223 965 3324 interrupti,
1000 3245 1037 3303 et
1061 3253 1081 3302 a
1107 3229 1258 3326 disputa·

61 3333 144 3409 tione
176 3327 371 3417 absterriti,
403 3321 558 3422 martyrii
579 3345 744 3398 coronam
768 3341 993 3419 acceperunt.
1042 3323 1259 3418 Disputatio·

62 3451 111 3505 net
131 3428 167 3505 io
190 3422 377 3501 Academia
402 3418 596 3499 Oronienfi
620 3420 751 3494 habitat
770 3443 801 3496 a.
824 3439 840 3492 1
845 3439 952 3512 551„
978 3417 1072 3495 inter
1096 3424 1260 3496 Cranme·

61 3546 124 3600 mm
141 3519 427 3616 respondentem,
452 3539 490 3594 er
515 3515 726 3594 Chedsaeum
747 3537 787 3589 ac
810 3515 905 3628 Jung
929 3536 1169 3614 opponentes,
1195 3537 1264 3602 uec

67 3619 220 3700 tormer
236 3619 284 3696 D.
308 3615 498 3694 Nicolaum
522 3612 736 3786 Redpleum,
755 3611 970 3712 Episcopum
984 3609 1261 3700 Loudineosem,

647 3728 720 3800 v4
1231 3721 1272 3786 er
