3098 4436
213 247 288 330 370
422 207 438 225 ³
605 217 752 322 Historia
775 217 905 323 Eetses.
930 221 1045 324 cirisi.

220 403 333 496 abest,
370 419 409 480 ut
433 399 512 478 voti
536 399 684 478 evaserit
705 425 872 500 compos,
905 417 945 484 ut
969 404 1116 480 mustum
1142 401 1262 482 causae
1290 405 1444 487 Pontifi-

219 505 295 582 ciae
318 498 490 578 nocuerit.
543 496 724 598 Colloquio
747 501 864 590 enirn,
888 498 982 598 quod
996 502 1180 578 consiliarii
1200 502 1362 600 Reginae
1380 527 1443 577 ns·

220 600 357 693 serunt,
390 597 484 682 inter
508 595 717 670 Pontificius
742 617 780 669 et
802 596 980 690 delegatos
1004 599 1222 674 Coronenses
1253 598 1444 694 instituto,

219 697 357 772 illorum
382 692 480 768 causa
531 694 606 768 lane
630 689 696 766 suit
718 688 911 790 prostituta.
938 691 1064 770 Secuta
1087 717 1171 770 mox
1195 693 1245 769 est
1269 717 1300 772 a.
1331 721 1447 790 1544·

219 793 376 866 omniurn
392 714 624 900 unledaim
640 787 889 898 saxonicarum
915 787 1194 898 reformatio,ad
1211 790 1446 890 Augustanae

218 887 442 962 confessionis
466 905 647 976 normam,
678 907 716 958 in
743 883 1003 980 Transylvania.
1057 887 1153 962 Dein
1176 911 1204 962 a.
1237 911 1340 978 ¹545·
1372 893 1448 990 Sy·

219 983 312 1058 nodo
335 983 625 1080 Euangelicorum
650 981 787 1055 Mediae
814 982 1009 1071 Saxonum,
1042 985 1134 1080 quod
1161 984 1448 1081 Transylvaniae

216 1077 267 1153 est
292 1077 481 1177 oppidum,
498 1077 641 1168 curua,
664 1076 756 1152 sacta
778 1073 897 1151 omnia
919 1073 1107 1154 secundum
1124 1079 1268 1154 formam
1285 1085 1449 1160 saxoni·

216 1193 315 1266 cam,
340 1177 399 1250 seu
416 1175 670 1264 Lutheranani,
694 1171 846 1249 ordinata
863 1176 952 1248 suni.
1005 1175 1087 1344 (ἰυο
1111 1177 1234 1252 eodem
1257 1199 1350 1250 anno
1373 1179 1449 1278 Sy·

218 1273 330 1348 nodus
359 1269 635 1346 Reformatorum
662 1270 833 1346 celebrata
858 1267 907 1342 cst
932 1268 970 1346 in
986 1296 1025 1346 ur
1050 1271 1226 1360 eErdiid,
1252 1273 1309 1344 sub
1327 1280 1451 1352 tuccia

218 1365 376 1456 Gasparis
413 1366 570 1462 Dragfii,
601 1387 639 1442 et
669 1365 835 1440 consessio
868 1363 949 1438 fidei
987 1367 1177 1442 duodecim
1210 1369 1446 1448 articulorum

214 1461 387 1538 confrui.
439 1461 600 1534 Ceterum
626 1461 684 1536 hic
708 1461 764 1534 vir
789 1459 984 1553 spectabilis
1007 1464 1077 1559 jam
1104 1467 1146 1536 ab
1178 1485 1208 1536 a.
1239 1487 1342 1558 1531.
1375 1483 1447 1541 ‘re-

217 1560 378 1634 formatis
409 1555 528 1630 locum
562 1557 599 1632 in
630 1557 768 1652 oppidis
799 1555 865 1630 suis
890 1555 1032 1654 Vyhasy
1066 1579 1104 1632 et
1127 1559 1246 1632 Erdo'd
1271 1561 1445 1655 dederat,
1542 1581 1548 1635 ι

216 1651 404 1728 conversus
437 1671 545 1747 opera
578 1655 753 1728 Matthiae
784 1653 922 1746 Devay.
975 1655 1042 1728 Sed
1075 1655 1269 1749 generalior
1293 1656 1436 1730 Refor·
1547 1721 1548 1726 ,

212 1770 387 1826 matorum
410 1747 570 1845 Synodus
595 1774 626 1824 a.
657 1769 762 1842 1549.
797 1745 914 1822 habita
949 1747 1000 1822 est
1033 1749 1199 1837 Tornae‚
1234 1752 1288 1824 seu
1312 1752 1440 1827 Toro-

215 1869 303 1938 nte,
337 1867 426 1943 quae
453 1844 705 1922 Temessarum
731 1845 800 1918 esse
855 1862 989 1930 utatur,
1007 1843 1043 1918 iii
1068 1868 1136 1941 qua
1157 1847 1327 1920 tredecim
1344 1871 1440 1922 con·

212 1943 280 2034 diti
304 1940 452 2030 sont,ad
471 1941 683 2040 disciplinam
698 1867 898 2047 hiborafein
914 1940 1319 2030 ordinandam,articusi‚
1342 1943 1438 2019 sicut

213 2039 347 2116 ibidem
378 2061 409 2112 a.
443 2057 549 2124 1550.
581 2040 623 2110 ad
649 2034 857 2109 visitationes
880 2033 1119 2110 Eccsefiarunr.
1173 2037 1320 2112 Fecerat
1343 2062 1438 2134 quo·

211 2155 281 2308 ss:
302 2127 1063 2320 justisrisissss'mssiss‘s'ss022¹²
1088 2131 1437 2308 sissinius

212 2318 361 2410 Starioi,
393 2321 452 2418 qui
483 2343 528 2395 eo
554 2323 697 2396 mustum
724 2278 944 2412 contribuit,'
972 2321 1064 2414 apud
1092 2323 1243 2418 Lampe,
1269 2325 1432 2422 patescit.

207 2425 367 2508 Bucerua
386 2417 495 2492 etiam
516 2416 562 2491 dc
586 2417 700 2514 Regna
726 2413 844 2510 Christi·
865 2438 941 2513 cap.
967 2419 1035 2492 lV.
1071 2417 1231 2509 testatur,
1257 2441 1327 2494 non
1342 2445 1433 2517 pau·
1547 2503 1548 2508 Ν

212 2541 272 2602 cas
303 2513 364 2592 suo
397 2531 557 2612 ternpore
604 2513 641 2590 in
673 2509 856 2608 Hungaria
891 2511 989 2590 fuisse
1020 2513 1210 2605 Ecclesiae,
1236 2537 1428 2614 quaecum
1547 2571 1548 2592 2

209 2633 298 2714 pura
332 2606 459 2685 Christi
487 2607 646 2686 douiina
673 2607 812 2684 solidam
846 2607 955 2684 ctiam
987 2609 1062 2707 ejus
1090 2607 1306 2709 disciplinam
1331 2633 1432 2690 rece·
1547 2623 1548 2708 ᾗ

212 2723 367 2809 perant,
391 2703 662 2802 custodiantque
685 2702 749 2778 reli
776 2702 830 2778 'os
845 2759 855 2780 .
1547 2711 1548 2744 s

257 2802 290 2904 s.
317 2802 534 2878 cccuxxl.
569 2801 723 2911 Turbata
751 2725 841 2874 ffaud
875 2823 995 2897 parum
1029 2799 1120 2876 circa
1152 2799 1242 2877 haec
1264 2822 1432 2902 tempora

209 2899 265 2980 est
296 2897 449 2975 Ecclesia
484 2899 683 2996 Hunganca
713 2920 778 2992 per
807 2896 952 2972 schisma
985 2897 1266 2973 Lutheranorum
1291 2920 1327 2977 et
1352 2903 1431 2977 Re·

95 3037 98 3044 ·
207 2997 462 3084 formatorum,
492 2994 530 3072 in
564 2995 665 3070 causa
695 2994 972 3081 sacramentaria,
1006 3013 1167 3080 necnon
1190 2995 1423 3106 quaestionem

209 3091 485 3174 Stancarianam.
532 3091 636 3166 Licet
667 3089 864 3164 Saxonicae
895 3089 1075 3165 dobirinae
1097 3089 1280 3187 principiis
1300 3087 1421 3186 paffim

208 3190 345 3274 fuerint
376 3187 641 3262 reformationis
673 3203 808 3260 autores
830 3182 967 3277 inbuti,
999 3209 1070 3260 non
1095 3184 1280 3262 defuerunt
1301 3207 1426 3266 tamen

205 3281 421 3456 Pelvetime
450 3280 579 3356 audiui
617 3277 829 3358 confessioni.
879 3281 1005 3396 Quales
1034 3282 1104 3380 jam
1129 3301 1212 3356 ante
1249 3307 1280 3356 a.
1316 3305 1425 3379 1530.

223 3395 350 3456 uerunt
378 3375 549 3471 Jasaannrs
575 3377 783 3454 Praedicator
803 3377 1022 3468 Cibinianus,
1049 3398 1087 3454 et
1103 3379 1214 3452 Simon
1232 3380 1425 3478 Grynaeus,

206 3476 269 3574 qui
293 3471 407 3549 Budare
432 3471 575 3563 docuit,
592 3475 634 3548 ad
659 3493 775 3564 partes
792 3473 1001 3550 Helveticas
1019 3475 1240 3564 inclinatior,
1265 3479 1324 3552 scd
1350 3501 1430 3552 mo·

201 3569 375 3659 deratior,
401 3588 439 3644 et
464 3569 558 3667 pacis
585 3565 773 3660 studiosus,
798 3571 970 3648 Matthias
996 3571 1124 3660 navat,
1151 3571 1195 3644 de
1214 3595 1284 3666 quo
1302 3575 1430 3667 supra,

189 3688 235 3769 ει
257 3661 441 3770 sarion
480 3662 711 3769 Targedsaass
744 3665 872 3770 quibua
895 3669 1088 3770 plurimun
1110 3665 1229 3748 debuit
1250 3667 1433 3778 resonue-

766 3829 772 3844 .
842 3831 851 3844 .
1360 3783 1432 3846 tio-
