3170 4430
561 171 669 254 rarat
693 167 795 255 XVI.
1210 186 1288 292 'gan'

20 433 24 462 ,
60 361 129 440 itui.
178 357 264 437 illud
290 355 432 452 insuper
453 351 608 447 constat,
633 354 671 431 in
688 355 833 434 articulo
850 354 895 435 de
915 354 1119 454 Trinitate,
1146 379 1188 435 ac
1203 381 1284 456 per·

19 465 24 544 ἶ
62 466 143 535 lona
160 455 309 546 Christi,
328 451 639 542 sabellianismum,
656 475 697 528 ac
714 455 1119 548 Samosatenianismum,
1135 475 1172 530 et
1191 455 1284 549 th

19 567 25 642 ¹,
63 553 298 629 rinianilmum
315 545 519 638 recoctum,
544 549 587 622 de
607 567 753 646 peccato
775 551 956 647 originali,
981 555 1095 630 libero
1113 548 1283 644 arbitrio,

20 665 26 746 j
62 671 98 724 et
122 649 230 746 gratia
255 649 348 734 Dei,
374 643 657 740 Pelagiaoismum
680 665 891 724 renovatum
907 647 996 724 elie:
1023 668 1159 728 rantum
1175 646 1211 722 io
1230 671 1285 724 ar·

19 755 25 772 “
65 748 174 820 riculo
199 746 243 818 de
265 739 503 818 satisfactione
530 739 656 816 Christi
680 739 859 836 srngularis
883 749 1033 818 maxime
1058 745 1122 822 est.

19 859 26 868 ·
114 839 145 939 5.
170 841 291 916 DXV.
316 838 395 938 Qua
420 835 558 911 ratione
584 836 622 912 in
649 837 829 935 principio
849 860 920 914 non
949 840 1058 914 fuerit
1082 843 1125 916 ab
1156 839 1288 918 Unitad

22 955 24 964 ’
66 935 126 1012 riis
148 935 184 1011 in
209 935 493 1011 communionem
516 931 678 1008 admiliua
701 933 844 1008 Faustus
862 936 1028 1028 Socious,
1053 935 1193 1033 fataque
1210 939 1289 1034 ejus

19 1059 20 1066 ¹
63 1033 206 1130 systema
229 1028 392 1106 habuerit
416 1028 530 1117 varia,
558 1052 639 1104 cum
666 1026 768 1126 supra
792 1034 1026 1123 narraverim,
1053 1032 1218 1106 nonnulla
1241 1034 1287 1108 de

19 1151 26 1204 5
64 1130 144 1204 lede
173 1125 421 1204 Socinianilmi
446 1121 484 1198 io
505 1123 674 1214 Poionia,
708 1144 744 1197 et
770 1145 900 1202 conatu
931 1151 1010 1202 eum
1034 1149 1096 1224 per
1122 1125 1208 1202 alias
1234 1148 1290 1200 re·

18 1251 28 1324 j·
66 1225 188 1324 giones
211 1220 549 1329 propemodm-hoc
574 1220 708 1311 seculo,
732 1219 771 1295 in
796 1223 951 1300 medium
976 1223 1149 1315 adferam,
1174 1245 1284 1320 quan·
1417 1301 1430 1324 N

18 1343 26 1398 θ
65 1340 139 1394 rum
172 1319 292 1394 nostro
323 1333 493 1392 convenit
524 1313 695 1395 mstiruto.
744 1319 841 1392 lnter
866 1319 1070 1411 Unitarios,
1097 1321 1157 1394 seu
1180 1319 1291 1394 Antia·

22 1443 26 1452 ·
65 1412 276 1504 trinitarios,
299 1409 736 1520 aliquandiucoocordes,
760 1418 937 1491 communi
953 1419 1026 1492 bot
1045 1417 1106 1492 sub
1120 1417 1288 1510 nomine,

18 1508 23 1554 ³
65 1509 249 1586 schismate
273 1529 377 1600 orto,
409 1511 584 1583 autoribus
607 1511 710 1583 Petro
735 1509 894 1588 Goriesro
913 1530 951 1586 et
974 1513 1130 1590 Nicolao
1155 1515 1289 1590 Farno-

18 1610 21 1653 ³
64 1609 147 1698 vio,
181 1605 359 1682 acerrimis
390 1601 576 1678 Arianilmi
608 1603 752 1693 zelotis,
786 1606 831 1679 de
863 1631 934 1702 quo
958 1608 1031 1684 vid.
1057 1608 1291 1684 Lubieniciur

18 1701 25 1748 ·’
64 1705 86 1777 l.
112 1705 200 1791 cit.,
228 1723 281 1773 res
305 1701 377 1772 suar
400 1721 507 1792 agere
528 1715 724 1793 coeperunt
749 1700 951 1789 Sociniani,
982 1719 1018 1772 et
1043 1703 1135 1796 apud
1160 1705 1291 1797 pleros·

63 1822 130 1896 que
157 1801 443 1890 praevaluerunt,
470 1792 606 1866 sedibus
629 1792 736 1866 etiam
763 1794 845 1868 fixis
869 1793 1066 1883 Racoviae,
1091 1815 1180 1904 quae
1196 1805 1290 1891 „pro-

18 1899 19 1904 ’
61 1897 104 1969 bc
129 1891 180 1964 est
202 1883 418 1962 {cracovia
440 1885 703 1983 distinguenda,
731 1906 769 1960 er
792 1912 811 1960 a
836 1888 995 1984 Jolraone
1018 1887 1201 1980 Sirnmiu,
1227 1895 1291 1966 Pa‘·

62 1988 173 2065 larino
207 1983 393 2072 Podaliae,
428 1981 569 2056 lundata
600 1981 649 2054 est
682 2007 713 2058 a.
744 1989 850 2074 1569.
881 1983 918 2059 in
946 1982 1205 2060 Sindomirieosr
1228 1989 1292 2082 Po.

65 2085 228 2168 latinam,
266 2106 284 2154 a
317 2077 494 2176 gentilitio
531 2077 712 2152 stemmate
748 2078 864 2154 uxoris
902 2079 980 2154 Rul
1011 2081 1046 2156 lt.
1080 2108 1111 2157 e.
1147 2107 1289 2178 canter,

17 2191 18 2196 ’
70 2197 288 2268 nuncupata:
323 2175 490 2266 adquam
518 2174 615 2247 multi
647 2174 886 2272 undiquaque,
917 2177 988 2251 loci
1014 2179 1291 2278 commoditate,

73 2299 108 2352 et
130 2270 377 2350 benevolentia
401 2269 559 2357 Patroni,
584 2268 726 2359 adlebii,
752 2270 1013 2362 confluxerunt,
1039 2295 1076 2346 et
1092 2273 1152 2348 ubi
1168 2275 1291 2370 posteat

17 2417 19 2424 .
74 2397 102 2448 a.
141 2379 245 2444 1602.
285 2367 461 2463 egregiam
501 2383 686 2438 erexerunt
727 2367 889 2442 scholam.
939 2368 1025 2446 vid.
1060 2369 1293 2450 Lubieniciur

17 2501 18 2516 ¹
73 2469 92 2544 l.
120 2469 180 2542 cit.
209 2464 395 2540 Ecclcfiam
425 2483 509 2534 vero
535 2461 757 2536 socinianam
789 2464 840 2537 ibi
875 2463 1109 2560 gubernarunt
1136 2467 1203 2540 viri
1234 2467 1292 2541 ini.
1418 2461 1421 2468 ⁴

78 2585 130 2644 ter
158 2587 219 2636 eos
244 2558 484 2642 celeberrimi,
520 2553 792 2652 christophorus
816 2557 1033 2651 Ostorodur,
1066 2562 1189 2636 Petrus
1213 2563 1292 2640 Sta.

77 2660 206 2745 torius,
239 2653 430 2740 Smalcius,
471 2648 655 2724 Stanillaut
688 2672 725 2725 et
766 2652 1035 2747 Chrilloplrotus
1066 2655 1294 2752 Lubieoicii,

78 2755 249 2851 Jobannes
281 2747 444 2834 Crellius,
477 2745 582 2841 Jonas
615 2745 906 2844 Sthlichtingiur,
940 2752 1010 2827 alii.
1058 2750 1156 2825 Hinc
1177 2757 1290 2844 eriam

78 2869 284 2948 propagatus
314 2843 363 2917 est
397 2839 665 2914 socinianismus
687 2867 751 2939 pet
776 2845 975 2934 Poioniam‚
1003 2845 1145 2942 aliasque
1169 2851 1291 2948 regio·

79 2967 155 3114 ges,
187 2945 301 3042 ipsum
333 2936 489 3014 nostrum
520 2937 690 3034 Belgium.
743 2941 803 3014 De
836 2962 905 3036 quo
930 2943 1074 3018 verbum
1098 2937 1148 3016 est
1168 2944 1291 3038 dicen,

104 3065 168 3114 um.
1005 3082 1009 3090 .

123 3136 152 3234 i.
177 3134 319 3210 DXVI.
345 3133 493 3222 Primus,
520 3129 580 3227 qui
606 3129 721 3224 hanc,
742 3135 799 3210 vel
823 3135 942 3231 potius
959 3136 1145 3228 Arianam,
1171 3140 1293 3216 haere·

81 3229 127 3304 lin
161 3233 193 3304 in
230 3231 384 3324 Belgium
418 3245 559 3302 conatus
592 3226 643 3302 est
671 3229 858 3318 invehere,
891 3255 1103 3326 memoratur
1133 3238 1294 3320 Erasmus

82 3326 261 3424 Johannis,
290 3327 420 3400 Retl'or
444 3323 586 3418 Collegii
612 3325 894 3424 Antverpiensrs3
918 3333 975 3428 qui
1000 3327 1143 3422 librum,-
1180 3337 1292 3411 tacito

81 3427 139 3494 luo
159 3423 320 3508 nomine,
349 3421 460 3494 edidit
480 3444 509 3492 a.
536 3427 664 3510 1585„
688 3424 746 3496 tui
773 3423 911 3512 titulus,
936 3427 1113 3524 antitheses
1130 3433 1292 3506 dollrinut

83 3519 198 3610 (inisti
224 3537 254 3588 et
281 3515 493 3614 Amirlrislr',
518 3518 557 3588 dr
580 3541 640 3592 uno
667 3541 741 3592 arro
763 3519 854 3595 Deo:
881 3545 983 3619 quem
1009 3525 1176 3598 refutavit
1201 3527 1295 3598 Zan-

84 3613 197 3698 thius,
231 3612 265 3686 in
291 3615 389 3712 cuius
413 3611 572 3710 operibus
595 3609 716 3688 exstat.
767 3615 1044 3714 Polieaauiugit
1068 3617 1106 3692 io
1132 3619 1302 3724 Traniylf·

135 3705 221 3782 Tum.
249 3707 332 3784 Vll.
396 3795 398 3801 A
594 3805 596 3810 Ι
649 3711 747 3790 Xxx
807 3733 813 3742 '
1140 3707 1313 3812 ramim,
