3170 4430
423 247 427 254 .
473 161 475 172 ¹
537 135 652 248 'Serui
682 134 783 214 XVI.
885 147 912 248 Ἰ
1208 155 1283 244 487

61 321 161 416 dirrss
177 318 279 422 sunt.
330 315 486 392 Filius-a
522 319 623 390 Patre
652 323 781 413 genitus
810 313 856 409 ιβ
880 308 1059 413 fiartraa‘m
1083 327 1166 396 deser
1189 323 1289 420 effen·

20 466 23 512 ς
63 431 167 508 tium,
194 435 234 490 ιιι
251 415 486 512 suhardittatus
515 419 676 508 Spiritus,
711 413 867 510 differem
892 441 912 488 a
935 420 1048 492 Patre.
1105 422 1186 495 Tres
1202 422 1288 516 strat

21 597 24 606 ,
59 519 189 592 aeterni
212 517 383 606 Spiritus,
409 531 538 608 qaorum
563 513 695 606 quilibet
718 533 771 604 prr
785 511 827 604 se
851 509 942 580 Deus
967 517 1034 606 ιβ.·
1058 520 1112 609 qai
1136 533 1202 592 tres
1221 516 1288 612 dis·

65 617 159 688 tiroli
174 609 261 706 suar
284 611 410 696 ordina,
435 611 562 702 gradu,
588 623 618 681 et
635 612 829 702 proprietate
845 612 929 683 desae
948 612 1126 686 effentrae.
1175 615 1289 688 Addit

19 731 152 804 ssvero
188 711 332 780 Aietius
364 705 556 789 accessisse,
598 725 738 798 praeter
775 704 964 797 juramenti
998 707 1167 780 Genevae
1200 709 1284 786 faeti

19 859 21 864 -
63 805 310 886 violationem,
337 819 376 872 et
401 797 633 894 pervicaciam
657 798 691 870 in
721 821 859 887 errore,
886 804 1035 875 inaudita
1060 805 1230 879 maledieta
1253 823 1288 879 ar

61 901 231 974 horrendas
258 895 496 992 blasphemius,
522 899 555 966 in
577 895 643 967 Dei
657 895 797 984 Filium,
827 914 859 969 ιι
882 896 1057 972 irinitaris
1078 907 1284 995 mysterium:

59 995 199 1079 rediius,
231 993 255 1066 sr
274 1017 418 1080 verum,
448 1014 492 1062 ex
518 991 591 1084 ejus
608 991 773 1084 opinione
789 992 823 1064 in
842 1012 1042 1090 receptam,
1068 1015 1104 1068 et
1121 1020 1138 1068 a
1155 999 1288 1072 Catho-

57 1093 131 1166 iicis
156 1091 354 1179 creditam,
385 1087 592 1182 hypothesin
617 1087 661 1160 de
689 1087 876 1162 Trinitate.
929 1091 1066 1164 Censeri
1093 1098 1211 1187 iraque
1238 1117 1285 1171 ex

18 1183 23 1192 ’
59 1185 151 1262 hisce
176 1189 351 1274 deberet,
375 1185 483 1278 ipsum
501 1183 730 1272 Arianorum,
757 1187 812 1256 vei
830 1185 1161 1276 Semi-arianorum,
1187 1209 1284 1263 erro·

59 1307 111 1356 res
144 1281 350 1365 renovasse,
383 1299 419 1351 et
444 1300 510 1350 tres
534 1277 681 1352 statuiffe
706 1276 881 1365 essentias,
916 1305 1026 1378 aeque
1054 1306 1094 1356 ae
1119 1287 1286 1378 personat
1429 1359 1432 1366 ,

17 1383 18 1388 ’
60 1377 256 1465 distinetur,
283 1397 322 1448 et
341 1376 543 1470 inaequales.
571 1377 655 1462 Sed,
684 1396 761 1446 curn
778 1376 929 1467 addidit,
947 1380 1081 1452 Patrem
1099 1376 1166 1452 esse
1181 1377 1283 1477 effen·

17 1537 19 1544 .
58 1479 230 1561 tiatorem,
256 1471 378 1546 Filium
403 1487 436 1544 et
461 1473 616 1567 Spiritum
644 1471 679 1544 S.
695 1469 899 1566 efflariatos,
924 1474 1221 1570 propiusvidetur
1238 1477 1283 1552 ad

16 1571 20 1646 Ῐ
58 1570 257 1668 opinionem
283 1568 328 1641 de
349 1565 454 1640 trium
478 1567 612 1640 illorum
638 1573 782 1653 unitate,
811 1571 1021 1660 nedicunt,
1040 1572 1198 1668 specifica
1223 1595 1283 1646 ae·

58 1665 197 1740 ceffiffe.
249 1663 355 1761 Quod
386 1685 431 1736 err
465 1661 734 1734 confessionibus
764 1664 836 1756 ejus
859 1684 894 1739 et
926 1667 1178 1760 scriptis-apud
1204 1670 1284 1744 Cai-

60 1764 182 1835 vinum
208 1759 352 1832 uiteriuu
367 1757 603 1830 confirmatur.
652 1756 785 1852 Rejieit
805 1759 883 1831 Arii
901 1767 1052 1832 errorem
1069 1761 1216 1851 diserte,
1242 1781 1282 1835 et

58 1859 178 1930 Deum
203 1857 341 1948 sempor
364 1852 462 1928 fuine
486 1853 623 1926 Patrem
648 1853 823 1946 agnoscit,
849 1874 1027 1948 praeterea
1051 1857 1194 1927 verbum
1211 1853 1282 1928 effe

15 1963 16 2022 l
60 1975 173 2026 aarum
199 1977 242 2026 aa
267 1953 445 2023 naturalem
463 1950 574 2045 filiurn
599 1954 687 2021 unici
704 1949 770 2020 Dei
787 1950 900 2022 Patris
917 1950 1159 2042 omnipotentis,
1184 1949 1285 2024 deni·

15 2055 16 2058 ’
61 2071 149 2144 que,
176 2048 311 2120 Patrem
331 2043 390 2138 affe
406 2043 505 2138 ipsane
525 2049 652 2120 unicam
669 2043 855 2140 efflariam3
884 2045 1024 2116 Verbum
1041 2065 1150 2118 aurem
1167 2043 1284 2139 spien-

64 2147 165 2216 darem
194 2145 319 2239 gloriar
340 2142 406 2212 Dei
429 2157 461 2214 rt
490 2139 667 2236 expraffam
691 2144 863 2236 imaginem
885 2139 1096 2234 substantiae
1122 2145 1217 2238 ejus,-
1243 2157 1279 2216 ae

62 2241 118 2311 irac
140 2249 313 2330 rarianaa
337 2239 439 2311 Patre
466 2237 664 2332 diliinaium,
688 2241 767 2332 quad
783 2239 883 2307 Pater
906 2239 952 2328 ιβ
969 2240 1061 2333 salus
1076 2261 1169 2312 rarus
1187 2239 1283 2311 Dauo

65 2333 265 2430 ffatiatar,
298 2338 357 2409 irae
391 2333 438 2422 ιβ
470 2331 662 2428 informator
693 2333 944 2421 individuarum,
977 2341 1106 2408 terbum
1138 2359 1211 2408 aero
1234 2333 1284 2423 ιβ

64 2433 181 2523 iiiios,
207 2431 313 2526 fimat
336 2447 368 2502 er
391 2451 484 2503 uerus
508 2429 620 2512 Deus,
645 2452 743 2524 neque
767 2438 875 2503 radten
907 2431 966 2501 duo
992 2431 1076 2516 Dii,
1108 2427 1165 2520 [ad
1195 2451 1284 2504 antor

65 2530 198 2624 iitroque
230 2529 341 2602 Deus.
398 2527 452 2597 Ex
484 2546 553 2621 quo
590 2524 682 2596 simui
724 2525 911 2608 elucescit,
949 2549 1019 2620 quo
1054 2525 1283 2600 fundamento
1379 2599 1381 2604 .

66 2622 124 2715 ipsi
151 2622 390 2698 Trirheismns
415 2619 481 2692 fuit
505 2619 701 2716 inpuratus,
728 2642 798 2691 non
822 2620 952 2713 majore
976 2645 1077 2716 qnam
1103 2621 1186 2696 alirn
1211 2626 1278 2697 sec.

66 2717 131 2793 Vi.
165 2719 323 2816 johanni
357 2713 580 2811 Philopono,
603 2715 662 2811 qui
696 2713 798 2786 fidiae
826 2714 994 2788 haeresios
1021 2717 1280 2793 Tritireitarum
1355 2790 1358 2799 ,

68 2834 162 2888 tutor
187 2815 352 2890 habetur.
404 2811 591 2900 Ceterum,
618 2809 762 2882 utillud
788 2809 903 2883 obiter
926 2811 1145 2906 subjungam,
1170 2837 1188 2887 a
1213 2815 1279 2887 Ca·

71 2908 189 2984 thoiica
219 2912 293 2985 hac
326 2925 424 3002 parte
459 2903 529 2980 fide
562 2905 713 2978 maxime
751 2904 801 2978 est
831 2905 983 2982 ,alienior
1022 2905 1152 2996 fanus,
1185 2909 1280 3003 quod

68 3001 222 3096 essentiam
248 3001 450 3102 putaverit,
476 3002 661 3074 secandune
688 3023 784 3084 eam,
813 2999 913 3073 statui
938 3023 1016 3072 cum
1042 3007 1147 3076 trinas
1169 3003 1281 3097 persa·

69 3103 136 3190 nir,
157 3103 316 3198 adeoque
342 3119 412 3172 non
430 3097 669 3190 Trinitatem,
695 3096 750 3172 sed
775 3096 1068 3200 ,Quaterniratem
1094 3121 1132 3176 ut
1155 3121 1200 3173 ex
1223 3099 1281 3172 iis-

72 3195 144 3270 dem
166 3196 316 3294 patescit
341 3192 489 3292 scriptia.

345 3383 672 3462 MATTHAEUS
698 3381 991 3464 GRIBALDUS.

121 3573 154 3678 §-
175 3575 498 3666 ccccuxxxlv.
529 3571 700 3766 Ejusldepnp
723 3577 826 3764 piane
864 3577 1059 3659 sententiae
1088 3577 1156 3658 fuit
1177 3579 1292 3748 'm
