3170 4430
585 109 699 190 Serus,
722 110 822 190 XVI.
1249 143 1321 214 511

84 291 188 388 mort,
219 289 330 367 modo
351 293 554 381 memorati,
579 287 743 382 ductum,
769 291 850 387 ipsrs
873 291 990 390 passm
1008 292 1226 372 conservatis
1243 318 1323 367 ver·

9 415 12 474 5
83 396 163 484 bit,
198 390 315 486 scopo
338 385 457 460 nostro
482 387 672 462 suffecerit.
719 412 750 462 1.
778 392 898 464 Unum
930 389 1000 464 else
1030 395 1178 467 credunt
1211 408 1321 465 aeter-

9 511 13 572 ς
78 515 176 568 num
205 510 227 561 a
252 485 386 578 seipso
412 485 549 573 Deurn,
584 483 720 556 Patrem
748 485 894 560 Domini
925 484 1032 560 nostri
1063 486 1143 584 Jesu
1170 485 1318 574 Christi,

83 609 201 687 quern
231 583 303 656 else
332 581 512 656 bominem
539 583 634 655 illurn
661 582 808 667 docent,
833 607 852 655 a
867 582 1003 678 Spiritu
1021 584 1056 659 S.
1083 606 1321 682 conceptum,

9 756 11 766 ,
83 705 124 758 et
159 701 286 756 uatum
320 699 363 750 ert
400 677 516 750 Maria
548 665 720 772 Virgiire,
754 697 852 749 extra
882 680 936 750 vel
971 697 1051 751 ante
1080 702 1159 753 curn
1186 683 1318 754 nullum

9 855 14 860 .
87 780 185 867 effe,
214 796 277 849 aut
308 770 428 859 fuisse,
457 773 684 870 Unigenitum
710 773 779 844 Dei
804 773 948 858 Filium,
974 773 1044 848 else
1068 797 1181 848 autem
1209 781 1313 850 talem

9 947 11 958 .
81 877 250 960 Filium,
283 889 358 942 turn
397 867 533 942 ratione
566 868 814 959 conceptionis
844 894 862 942 a
894 869 1009 942 Maria
1037 869 1210 966 Virgine,
1242 891 1320 951 tum

9 1017 11 1056 :
79 991 244 1073 propter
269 961 579 1040 sandificarionem
607 983 644 1037 et
669 962 859 1038 misfionem
883 965 918 1038 in
946 965 1130 1054 mundum,
1156 988 1230 1039 turn
1255 968 1319 1040 de·

80 1074 199 1166 nique
235 1061 486 1136 exaltationem
514 1062 557 1135 ad
582 1061 740 1134 dextram
768 1059 860 1149 Dei;
895 1058 1031 1154 esseque
1055 1061 1248 1136 Dominum
1275 1085 1320 1138 ae

9 1249 10 1254 Ἰ
78 1169 209 1245 Deum
237 1155 394 1233 nostrum
419 1154 568 1244 saelum,
601 1155 724 1230 divino
747 1153 882 1229 honore
907 1179 948 1230 ac
973 1157 1068 1230 cultu
1092 1179 1110 1231 a
1134 1158 1237 1232 nobit
1260 1159 1319 1232 ad·

80 1260 300 1342 ficiendum.
347 1251 516 1348 Spiritum
541 1255 576 1328 S.
604 1249 673 1324 elle
704 1247 872 1324 virtutem
910 1253 1002 1326 illam
1035 1255 1093 1324 seu
1127 1253 1317 1330 efficaciam

9 1409 11 1446 2
81 1359 185 1446 Dei,
222 1373 291 1450 qua
315 1371 369 1422 rer
389 1347 516 1442 'aliquo
541 1348 646 1421 modo
669 1345 946 1436 lanbiificantur,
976 1347 1007 1420 in
1042 1347 1166 1444 primis
1199 1349 1318 1423 Chris·

81 1475 163 1546 tur,
191 1450 337 1547 ejusque
361 1442 502 1532 fideles3
527 1453 603 1516 non'
622 1465 709 1516 vero
732 1441 801 1515 effe
822 1441 1003 1538 personam
1032 1447 1074 1517 ali
1104 1469 1179 1519 uam
1199 1443 1322 1520 sublis··

83 1570 257 1636 tentem,
290 1540 377 1616 licet
407 1561 468 1634 per
498 1538 790 1635 prosopopoeiam
821 1539 923 1636 saepe
954 1559 992 1612 ut
1018 1469 1168 1635 perlem
1201 1543 1317 1616 intro·

82 1651 252 1724 ducatur.
309 1660 342 1712 a.
367 1635 520 1708 Primum
547 1637 726 1708 bominem
760 1633 889 1708 docent
920 1658 939 1706 a
964 1636 1045 1708 Deo
1069 1657 1224 1711 creatum
1252 1642 1317 1711 bo·

85 1767 181 1820 num
208 1733 375 1833 quidem,
401 1751 437 1802 et
463 1729 590 1825 absque
612 1728 722 1816 vitio,
749 1749 816 1801 nec
843 1748 958 1801 tamen
976 1752 1055 1800 curn
1073 1731 1185 1824 aliqua
1201 1733 1312 1824 origi·

81 1841 161 1916 nali
187 1831 343 1930 justitia,
359 1847 449 1898 cum
473 1826 558 1898 baec
584 1823 624 1898 srr
651 1820 821 1920 perfectio
848 1822 1063 1911 voluntaria,
1090 1847 1160 1897 non
1176 1848 1315 1899 natura·

84 1937 159 2020 lis,
186 1949 293 2026 quam
329 1939 466 2016 poterat
502 1920 702 2014 acquirere,
738 1916 971 1992 srvoluilset:
1006 1939 1162 1992 creatum
1195 1941 1314 1996 autem

85 2027 201 2110 fuisse
230 2019 431 2106 mortalem,
455 2014 664 2111 imaginem,
690 2014 851 2110 adquam
871 2011 1119 2105 conditusest,
1144 2013 1182 2088 iu
1199 2017 1315 2090 domi·

89 2126 248 2206 natione
287 2115 345 2188 illa
387 2110 484 2208 supra
520 2109 665 2208 reliquas
705 2131 875 2184 creaturas
914 2108 1014 2183 luisse
1045 2110 1153 2188 sitam.
1205 2115 1313 2207 Spem

86 2225 192 2300 vitae
223 2230 382 2289 aeternae
404 2207 466 2303 ipsr
491 2229 562 2280 non
595 2205 694 2299 soille
719 2205 935 2305 promissam,
960 2205 1031 2278 imo
1062 2230 1129 2281 nec
1152 2209 1211 2282 olli
1229 2230 1312 2281 ante

89 2312 227 2400 chrisis
255 2307 495 2399 euangelium3
526 2305 705 2398 probabile
738 2320 855 2375 tamen
889 2300 978 2387 esse,
1010 2301 1127 2376 Deum
1152 2307 1314 2380 daturum

87 2413 198 2494 fuisse
233 2399 391 2488 bomini,
424 2399 448 2474 st
473 2399 735 2474 inobedientia
760 2394 1032 2494 perseverasset,
1069 2399 1254 2475 coelestem
1278 2417 1314 2474 cr

87 2523 288 2610 perennem
313 2496 446 2584 vitam,
471 2495 734 2585 intercedente,
761 2497 814 2568 vel
831 2513 964 2583 morte,
994 2495 1047 2566 vel
1066 2494 1182 2568 saltem
1201 2516 1322 2569 muta·-

89 2609 220 2693 tione,
245 2592 345 2671 soille
369 2613 506 2687 quoque
527 2589 600 2684 ejus
625 2592 716 2664 vitae
739 2611 899 2663 aeternae
923 2587 1132 2686 symbolum,
1167 2593 1221 2664 sed
1245 2592 1312 2665 ob·

90 2705 258 2782 scutum,
299 2691 445 2762 arborem
481 2689 581 2760 ritae.
644 2709 676 2780 3.
708 2687 774 2759 Per
805 2683 931 2780 lapsum
966 2685 1120 2762 bominis
1150 2707 1313 2762 contrac-

90 2821 168 2876 tum
198 2791 270 2867 esse
299 2799 435 2858 reatum
458 2801 639 2871 aeternae,
666 2785 706 2855 ac'
728 2781 954 2872 necessariae,
979 2782 1119 2871 mortis,
1150 2782 1199 2858 ita
1224 2783 1314 2858 scili·

92 2915 176 2985 cet,
211 2903 252 2962 ut
281 2879 450 2976 deinceps
480 2875 668 2953 necessario
698 2875 857 2950 omnibus
885 2873 927 2949 stt
959 2878 995 2951 in
1022 2897 1137 2950 morte
1167 2901 1312 2952 manen·

91 2995 198 3074 dum,
226 2978 353 3075 absque
381 2995 496 3048 tamen
520 2972 671 3046 aeternis
694 2971 926 3060 cruciatibus,
951 2972 1014 3046 nist
1039 2997 1084 3047 err
1107 2975 1216 3070 gratia
1243 2972 1312 3049 Dei

94 3083 285 3174 contingat
315 3069 484 3146 liberatio.
536 3068 650 3168 Quem
681 3088 815 3142 reatum
841 3065 1030 3163 agnoscunt
1054 3071 1089 3143 in
1117 3093 1238 3146 omnes
1263 3073 1316 3144 A·
1388 3111 1414 3122 ··

95 3185 160 3256 dae
192 3171 352 3274 posteros
382 3163 566 3254 transiisse,
601 3165 688 3240 nulla
720 3163 871 3261 ipsorum
906 3165 1042 3260 propria
1073 3168 1173 3261 culpa
1204 3165 1314 3240 inter-

97 3279 287 3352 ventenrer
312 3263 356 3338 fic
380 3279 516 3354 tamen,
542 3279 578 3335 ut
602 3261 663 3335 hic
687 3279 800 3334 reatus
826 3260 982 3356 respeciu
1001 3261 1217 3358 posterorum
1238 3265 1315 3339 nul·

97 3377 167 3450 lum
196 3368 324 3444 babeat
355 3381 488 3452 poenae
513 3358 706 3446 rationem,
731 3355 788 3431 sed
822 3375 957 3432 tantum
990 3355 1201 3434 necessariae
1226 3381 1319 3435 corr·¹

101 3469 269 3554 ditionis,
309 3477 389 3530 cum
421 3453 497 3548 ipso
529 3466 659 3552 genere
697 3454 898 3528 naturaliter
926 3453 1112 3545 attractae,
1145 3477 1210 3529 nec
1246 3455 1319 3528 elle

105 3583 250 3652 naturae
287 3552 548 3654 corruptionem
583 3549 839 3722 &siliquam
874 3573 962 3649 quae
992 3547 1232 3656 frequentibus
1263 3547 1322 3620 vi·

750 3665 776 3739 4
1194 3661 1328 3742 uorum
