3148 4434
471 143 475 156 ·
564 111 826 204 secutam
1203 122 1283 216 sss

73 295 348 376 Pladziviliorum
378 293 532 387 familia,
555 313 694 372 creatus
708 315 727 368 a
741 291 868 368 Catulo
883 289 935 370 V.
959 288 998 368 in
1023 284 1183 368 comitti·
1205 293 1280 370 Au·

63 391 227 492 gastonis.
273 391 426 468 Purioris
453 411 570 466 tutem
604 391 687 465 fidei
719 391 754 464 in
785 386 992 480 Germania,
1026 388 1089 462 nbi
1110 388 1194 484 plus.
1208 413 1277 467 una

69 491 146 565 vice
179 487 318 565 funditis
347 487 399 564 ell
420 489 618 586 legatione,
650 485 750 586 gustu
774 479 918 574 hausto,
953 482 1275 582 redunat1553.,

66 583 145 680 pios
176 605 214 659 et
234 583 357 660 dodlos
384 583 539 658 Pastoret
569 605 591 656 e
620 582 761 657 Polonia
790 599 838 662 et,
863 579 1015 662 Boruffia
1042 586 1207 692 ruperit,
1238 603 1278 660 ct

72 679 292 778 euangelium
314 682 352 756 in
374 681 450 754 aula
474 680 530 754 sua
550 679 668 754 doceri
681 677 797 772 jussit,
811 675 902 756 ,dein
925 676 962 750 iu
983 676 1131 772 praedio
1152 677 1278 761 Lultif·

73 797 180 866 cano,
213 799 284 850 uno
312 777 358 850 ab
394 775 480 850 urbe
511 773 669 852 Vilnenfi
698 772 831 868 lapide,
861 769 1038 868 publicum
1068 768 1279 850 reformatae

71 865 218 946 instituit
240 867 424 968 religionis
447 869 677 948 exercitium:
703 889 773 980 quo
798 869 925 964 ingens
944 863 1131 944 hominnm
1151 886 1275 946 nunte-

69 985 123 1040 rus
145 965 338 1051 confluxit,
362 963 524 1064 cuiusque
545 966 605 1042 sub
632 961 793 1060 auspiciis
815 962 928 1058 prims
958 960 1131 1060 Synodus.
1147 964 1277 1042 Viluse

68 1079 97 1136 a
132 1083 240 1156 1557.
277 1063 448 1136 celebrata
478 1060 540 1137 est.
587 1060 720 1136 Primus
751 1081 888 1156 quoque
923 1055 1088 1134 Sarmatis
1115 1057 1212 1136 dedit
1241 1085 1273 1138 ι.

73 1163 177 1253 15⁶³·
214 1155 347 1246 Biblis,
381 1179 427 1230 ex
450 1153 606 1234 fontibus
629 1179 692 1252 per
708 1151 855 1236 idoneot
876 1150 1091 1250 interpretes
1113 1157 1209 1230 versa
1233 1157 1274 1232 in

70 1251 221 1348 linguam
255 1249 467 1326 Polonicam.
515 1252 654 1344 Magno
688 1248 751 1346 ipli
794 1251 831 1330 in
865 1248 962 1322 causa
995 1249 1063 1324 hac
1095 1250 1275 1350 religionis

71 1347 269 1441 adjumento
297 1347 363 1419 luit
387 1367 475 1418 uxor
500 1347 572 1441 ejus
597 1343 792 1422 Elisabetha
807 1344 1054 1434 Szidloviecia,
1076 1343 1273 1440 'piaadmo-

70 1443 147 1515 dum
191 1441 354 1516 foemina.
403 1441 507 1514 Diam
540 1441 628 1514 obiit
669 1445 864 1536 supremum
906 1439 1069 1538 egregius
1107 1441 1273 1536 Princeps

72 1559 99 1609 a.
129 1545 257 1630 1565„
290 1559 334 1608 eo
357 1537 487 1630 majore
511 1537 636 1611 damno
659 1535 967 1624 Reformatorum,
993 1535 1085 1632 quod
1107 1537 1173 1612 filii
1198 1541 1273 1635 ejus
1400 1597 1403 1602 .
1456 1517 1458 1522 ⁵

73 1637 110 1708 ab
136 1655 258 1708 eorum
289 1631 456 1727 religione
481 1634 583 1726 paolo
608 1629 683 1725 post
708 1630 930 1708 desciverint.
992 1631 1130 1702 Interea
1154 1637 1271 1710 locum

75 1729 142 1816 eius
165 1731 199 1802 in
226 1726 470 1825 reformatione
503 1731 642 1800 tutanda
674 1723 845 1819 supplevit
868 1725 1032 1816 patruelis
1063 1724 1137 1890 ffus
1158 1728 1274 1802 Nico.

74 1823 138 1898 laus
161 1821 378 1898 Radzivilius
402 1819 512 1894 didius
530 1821 661 1910 Rufus,
687 1819 773 1894 sicut
788 1819 845 1892 illc
860 1819 997 1912 Niger,
1029 1815 1064 1890 in
1091 1819 1171 1914 gnis
1188 1827 1273 1917 qum

76 1941 134 2013 que
164 1919 452 2012 Euangelicorum
479 1917 664 2025 Patronus,
697 1911 1085 2022 magnaquepraeditu's
1109 1918 1275 1992 autorita-

76 2015 505 2196 fritinnit,
519 2009 1273 2214 littlffizritllllnti‘i,tit
1347 2099 1350 2106 ·

77 2205 165 2277 soror
197 2205 339 2276 Barbara
373 2201 439 2276 fuit
478 2203 642 2276 Poloniac
676 2200 835 2298 Regina,
866 2197 1079 2294 sigismundi
1103 2203 1149 2275 11.
1183 2227 1272 2280 utor

75 2298 229 2390 secunda,
255 2319 389 2372 mortua
415 2319 443 2370 a.
475 2321 579 2389 1551.
631 2299 713 2372 Dux
743 2295 906 2372 vero-etl
927 2318 957 2368 a.
987 2305 1092 2390 ¹584·
1126 2297 1272 2374 defunc.

79 2415 145 2482 tus,
175 2397 313 2491 ejusque
339 2389 522 2488 posteritas
543 2394 585 2466 ad
610 2393 678 2469 hoc
701 2411 839 2488 tempus
855 2391 1096 2488 usque‚.serie
1117 2395 1271 2472 nonina

79 2507 241 2586 terrupts,
272 2490 506 2584 patrocinatur
527 2488 577 2561 rei
609 2487 873 2562 {reformatae
1052 2544 1056 2554 .
1194 2517 1197 2524 ¹
1232 2520 1238 2560 ι
1271 2523 1276 2552 ι

118 2587 146 2682 §.
172 2583 458 2658 ccctxltxlx.
493 2583 766 2656 Reformationis
793 2577 959 2656 Poloniae
988 2578 1130 2658 summis
1159 2583 1273 2668 dudit

79 2679 184 2770 lineis,
218 2679 392 2752 molimina
421 2679 682 2752 Pontificiotum
709 2697 851 2766 contra,
885 2697 922 2758 ut
949 2696 986 2750 et
1011 2677 1210 2775 Principum
1234 2707 1271 2758 e.

81 2775 159 2848 ditia
176 2799 296 2850 contro
313 2798 387 2848 eam
408 2793 524 2884 etpro
540 2797 599 2864 ea,
624 2771 782 2870 aliaque,
802 2794 889 2868 quae
909 2795 985 2845 eam
1010 2775 1206 2866 turbarunt,
1231 2803 1270 2884 ee

83 2891 338 2962 promovemur,
372 2867 570 2956 succindlim
606 2867 734 2946 restant
772 2867 971 2942 enarranda.
1021 2868 1129 2943 Anno
1162 2887 1269 2968 1539*

82 2969 240 3040 senatoris
267 2961 513 3038 'Cracouienlis
544 2987 629 3038 uxor
660 2962 864 3045 Catharina,
899 2963 945 3034 ob
977 2981 1136 3131 negatam
1171 2991 1278 3074 prau-¹

1006 3079 1024 3131 e

83 3061 207 3138 lentiam
233 3061 359 3136 Cltrilli
390 3059 574 3140 secundum
601 3061 706 3134 fidem
740 3055 974 3148 Catholicam,
1077 3061 1119 3135 ad
1145 3085 1268 3160 rogum

84 3157 220 3232 damnata
251 3159 293 3228 ab
325 3153 515 3248 Episcopo,
555 3173 592 3226 ct
622 3154 760 3242 exusta,
793 3150 1001 3247 Christiana,
1024 3177 1104 3230 cunr
1137 3157 1282 3240 fiducia·

84 3271 112 3322 et
131 3253 278 3340 laetitia,
306 3251 387 3325 falso
413 3250 593 3344 religionis
617 3249 830 3325 Christianae
852 3251 1059 3346 abnegatae,
1085 3269 1122 3325 et
1146 3253 1266 3350 Judai.

83 3368 133 3420 cae
156 3349 341 3445 susceptae,
371 3348 536 3420 accusata.
584 3346 676 3418 Dein
699 3368 729 3420 a.
758 3367 862 3440 1543.
886 3350 1060 3422 emanavit
1076 3349 1268 3448 sigismun-

86 3441 114 3512 di
139 3444 182 3532 l.‚
206 3444 315 3540 Regis
342 3443 520 3530 Poloniae,
556 3442 660 3514 Clero
687 3440 889 3538 instigante,
915 3441 1087 3534 edietum,
1111 3469 1200 3541 quo,
1224 3449 1285 3519 nt.

85 3535 153 3610 bros
181 3563 199 3614 e
231 3537 415 3616 Germania
444 3539 479 3614 in
511 3535 715 3707 Sarmentiam
748 3537 869 3640 inuehi
905 3543 1026 3616 count
1057 3540 1118 3615 rel·
1149 3539 1292 3712 ’onegst

629 3653 725 3707 cca
1153 3649 1271 3710 ontt·
