3098 4436
546 222 652 300 Strul.
678 221 780 304 XVI.
1194 253 1266 330 309
1338 281 1350 302 .

59 420 154 499 opera
177 395 341 476 Mauritii
364 395 538 494 Principii
561 397 643 474 iride
666 424 696 477 t.
725 423 831 494 1592.
857 401 1007 499 expulsi:
1031 401 1077 480 de
1094 403 1181 482 statu
1198 429 1255 480 re·
1404 471 1408 480 .

53 497 184 592 ligionit
207 497 246 572 in
269 494 400 586 Clivia,
425 493 647 590 Reipublicae
670 498 778 593 Belgii
811 498 900 572 adeo
923 500 1057 588 vicini,
1083 503 1254 596 quaedam

52 592 187 668 dicenda
213 595 302 668 sunt.
352 589 436 667 Vid.
459 591 549 663 Reid
574 592 698 666 Annal.
723 596 782 666 lib.
809 595 871 667 lX.
897 595 981 670 Dux
1006 595 1135 671 Cliviae
1159 599 1254 672 Wil-

50 685 186 776 helmut,
219 690 374 762 animum
399 686 624 762 ndDucatus
651 687 701 763 siii
730 687 1033 781 reformationem,
1064 691 1251 767 secundum

51 803 192 866 normam
221 780 444 882 Augustinae
475 779 714 862 confesionis,
741 782 831 856 adeo
854 781 1005 859 studiose
1026 786 1192 883 adplicuit
1216 814 1248 866 a.

53 887 245 990 1558.,·ut
279 876 564 985 communionem
603 880 662 952 sub
695 898 837 986 utruque
871 877 985 990 specie
1018 903 1086 954 non
1113 903 1248 960 trintum

47 971 411 1166 introiisti
434 971 935 1179 {litteraliter
955 979 1250 1180 nonnuli.

47 1163 173 1264 undio,
197 1169 337 1262 dequo
364 1163 461 1260 supra
486 1162 547 1236 suo
569 1166 649 1238 loco
674 1185 744 1260 egi.
792 1163 881 1253 Sed,
905 1166 1057 1240 comitiis
1072 1169 1246 1266 Augusta·

47 1263 93 1334 nir
117 1284 144 1336 t.
172 1268 281 1353 1566.
307 1259 646 1348 intervenientibus,
676 1260 714 1333 in
738 1259 872 1333 sumum
901 1282 970 1334 non
997 1277 1132 1338 tantum
1155 1267 1246 1340 abiit

47 1376 147 1438 totum
171 1356 243 1433 lioc
269 1356 473 1452 negotium,
498 1353 617 1428 sedet
645 1353 717 1450 ipse
737 1359 818 1428 Dux
841 1353 955 1430 sanam
973 1358 1124 1453 perdidit
1148 1381 1251 1435 men·

48 1473 121 1529 tem.
167 1454 259 1526 Cum
290 1453 385 1526 enim
418 1449 456 1523 iii
490 1448 671 1541 Comitiit,
695 1471 779 1546 prae
803 1473 900 1526 metu
925 1452 1095 1542 Caesaris,
1119 1455 1249 1530 Missae

46 1568 153 1624 contra
175 1545 427 1622 conscientiam
452 1545 653 1636 interesset,
687 1565 805 1620 merite
829 1567 952 1644 captui
978 1548 1048 1639 est,
1081 1569 1118 1624 et
1142 1574 1187 1626 eo
1209 1549 1247 1626 in

49 1639 121 1717 slatu
146 1644 187 1716 ad
217 1645 313 1717 liunc
342 1663 468 1715 annum
501 1641 605 1736 iisque
636 1639 748 1731 vixit,
783 1642 908 1715 summa
933 1645 1114 1739 regiminis
1139 1669 1252 1744 periet

49 1735 280 1835 Magistratum
302 1736 490 1811 residente:
521 1738 607 1809 alter
630 1737 722 1808 enim
746 1735 929 1809 filiuserat
953 1740 1176 1830 furibundus,
1202 1744 1251 1827 al·

51 1855 95 1909 ier
122 1834 349 1910 minorennit:
373 1854 418 1905 ex
441 1853 512 1929 quo
539 1829 726 1905 reformata
751 1829 802 1906 ibi
827 1829 997 1908 demum
1023 1831 1073 1906 est
1101 1836 1247 1931 religio,

54 1949 84 2007 tt
104 1929 274 2029 Jel'uitae,
301 1948 339 2002 ut
358 1926 452 2017 dixi,
478 1925 669 2000 introducti
684 1925 773 2001 sunt.

90 2025 119 2124 l.
143 2025 279 2100 CCCX.
305 2021 494 2099 Publicavit
515 2021 622 2096 eiiam
646 2025 715 2095 hoc
742 2017 819 2118 ipso
844 2041 937 2096 tono
962 2023 1122 2099 nonnulla
1144 2024 1253 2123 scrip·

55 2140 99 2211 tt,
120 2127 229 2197 bonae
256 2118 366 2217 frugis
392 2121 511 2213 plena,
536 2119 593 2192 sed
617 2139 705 2214 quae
729 2116 832 2194 nimir
855 2118 1058 2194 methodum
1078 2117 1253 2201 scholastis

55 2240 116 2290 cim
144 2217 322 2304 redolent,
356 2214 448 2289 lectu
481 2235 551 2286 nori
581 2212 745 2309 indigna,
779 2213 901 2286 Gellius
924 2217 1108 2306 Suectius,
1134 2214 1254 2310 pastod

58 2313 173 2388 Snecae
202 2311 242 2386 in
280 2311 408 2400 Frisii,
440 2309 478 2385 in
510 2307 635 2405 quibua
663 2307 933 2384 conditionatum
967 2309 1255 2388 Praedelliiiatio·

58 2431 124 2484 nem
148 2409 257 2502 palam
286 2403 462 2492 defendit,
489 2403 614 2499 absque
636 2423 676 2477 ut
697 2404 759 2500 ipsi
784 2404 895 2500 aliqua
919 2426 1104 2501 propterea
1128 2410 1256 2507 injuria

58 2502 246 2584 iPoliiitii
280 2522 340 2576 aui
367 2495 610 2574 Ecclesiasticir
641 2499 683 2574 sit
715 2500 861 2589 adlata„
877 2502 962 2574 licet
991 2503 1079 2575 Bezt
1103 2503 1196 2600 ipson
1217 2505 1256 2582 in

60 2593 235 2674 Suectiium
262 2595 395 2672 adnisus
423 2594 463 2669 sit
487 2593 656 2686 incitate,
689 2594 776 2668 teste
800 2596 874 2689 ejus
903 2595 1049 2690 epistola
1073 2599 1115 2674 ad
1140 2601 1258 2676 Uten-

62 2694 259 2806 bogatdum,
275 2692 365 2862 epod
383 2691 505 2766 Brand.
533 2689 660 2764 Voluit
677 2707 791 2766 tamen
810 2689 924 2766 videti
940 2694 1134 2785 Snecanut,
1161 2697 1255 2772 suam

62 2789 247 2884 opinionem
279 2813 298 2863 ri
354 2812 394 2862 ea
426 2783 564 2860 Calvini
592 2806 629 2867 et
663 2787 774 2859 Betae
798 2785 887 2860 haud
914 2788 1020 2954 lonpe
1047 2789 1251 2882 discedere3

62 2881 251 2983 conquestus
282 2883 389 2958 etiam
421 2881 472 2955 est
503 2881 549 2952 de
580 2903 676 2960 novo
704 2903 743 2956 et
768 2880 909 2955 insolito
932 2904 972 2954 ca
989 2907 1029 2972 ii,
1056 2881 1255 2980 inquisitio·

62 3001 125 3056 nem
145 2981 341 3068 redolente,
374 2998 444 3075 quo
469 2977 592 3052 librum
618 2975 713 3052 suum
738 2977 825 3052 clam
849 2977 943 3074 typis
966 2977 1126 3054 mandare
1151 3007 1255 3061 coac·
1412 3029 1428 3038 ·

61 3093 104 3150 tui
124 3077 199 3154 suit.
248 3075 333 3149 Erat
351 3075 423 3171 jum
447 3090 533 3147 tunc
557 3073 679 3162 senex,
705 3096 772 3148 nec
796 3076 943 3170 amplius
966 3074 1181 3167 inminere,
1206 3083 1254 3158 ub

83 3167 203 3247 tritium
236 3189 353 3245 tamen
382 3185 419 3242 et
451 3167 620 3265 pietatem
651 3167 871 3244 reverendus.
904 3167 1008 3246 Coris.
1034 3169 1139 3249 etiam
1189 3201 1254 3254 uae

61 3193 99 3340 g,
119 3267 187 3364 ipso
201 3266 338 3365 profert
357 3261 536 3362 Trigland.
584 3265 715 3340 Narrat
733 3263 866 3361 quidem
881 3266 1139 3372 iitenbogard,
1163 3199 1254 3346 iiie·

63 3381 166 3440 cunum
198 3359 341 3454 dixisse,
372 3360 408 3435 in
435 3357 619 3526 principio
649 3361 907 3441 reformationis
943 3361 981 3434 iii
1024 3363 1125 3439 Frisia
1156 3367 1256 3447 suisie

65 3455 213 3533 novitatis
254 3475 337 3532 nott
372 3456 432 3530 inu
466 3479 545 3546 um,
585 3455 687 3531 aliter
717 3453 814 3552 loqui
856 3472 894 3530 et
924 3455 1050 3532 docere
1082 3462 1127 3532 de
1156 3464 1258 3536 Prae·

66 3547 294 3646 destinatione,
325 3575 367 3627 ac
399 3552 478 3644 lpse
509 3551 663 3637 fecerat,
696 3551 753 3626 sed
782 3551 871 3636 illud,
892 3553 934 3631 ab
957 3552 1032 3628 aiiii
1054 3552 1090 3628 in
1115 3553 1256 3633 dubium

67 3662 205 3746 volitur,
228 3667 267 3732 ut
293 3646 387 3750 opud
415 3645 586 3748 Trigland
610 3649 732 3724 videre
754 3646 815 3726 est.
895 3713 898 3718 .
1262 3740 1265 3750 y

586 3742 696 3844 qu
989 3823 992 3828 ,
1037 3742 1070 3844 i.
1094 3739 1250 3822 CCCXl.
