3000 4800
901 441 907 451 ⁸
1200 450 1206 469 t

238 663 308 749 246
611 643 757 744 fflstoria
781 639 907 747 Eresos.
934 638 1052 744 Christ.
1118 660 1125 667 ·
1157 720 1161 727 ,

238 832 314 922 bri,
345 828 407 905 sub
431 827 536 902 titulo
564 823 685 900 Tobiae
710 841 743 897 rr
768 825 923 916 Lazari,
955 818 1112 899 Edrbdae
1141 823 1240 937 typia
1271 831 1402 908 emti
1423 854 1459 915 ι

242 950 351 1022 1557.
375 930 413 1000 in
438 946 510 1019 quo
534 920 789 997 consolationes
812 919 1034 996 exoratione
1059 920 1249 999 Domtnrca
1269 927 1310 1002 iu
1331 928 1460 1023 primia

264 1030 361 1100 eritas
385 1017 535 1117 exponit
556 1038 594 1092 et
616 1015 788 1108 inculcat,
826 1038 896 1092 nec
924 1037 997 1091 non
1030 1015 1257 1115 depravatam
1280 1022 1460 1103 Ecclesme

143 1138 148 1145 '
235 1052 444 1198 iontificiae
467 1112 712 1188 conditionem
728 1110 870 1189 sortiter
893 1110 1067 1209 depingit.
1114 1112 1175 1187 De
1197 1116 1363 1215 Joltanae
1385 1118 1459 1197 Pit·

236 1216 331 1292 totio
353 1211 493 1309 e'usque
517 1209 684 1308 martyrio
706 1207 782 1287 vid.
818 1229 865 1287 ex
886 1206 1016 1284 Veteri
1050 1207 1169 1287 chan
1199 1210 1368 1305 coenobii
1388 1206 1485 1311 Bao,

236 1316 329 1387 lvio
370 1329 464 1384 acra.
639 1370 643 1375 .
722 1372 726 1379 .

252 1340 316 1507 as.
342 1405 519 1482 ccxtv.
544 1401 754 1477 Emanarunt
775 1395 858 1472 dein
882 1396 981 1474 varia
1002 1399 1139 1495 edua,
1162 1402 1266 1500 plane
1291 1410 1456 1505 tyranni-¹¹

237 1527 300 1593 ca,
324 1521 448 1576 contra
478 1496 753 1596 qualescunque,
777 1491 983 1585 nedictus,
1013 1496 1230 1591 haereticos,
1261 1502 1457 1605 ingensque

122 1628 124 1635 ·
237 1600 324 1677 inde
349 1599 404 1671 vel
430 1592 683 1682 consefforum,
713 1590 773 1666 vel
796 1608 1005 1688 martyrum,
1038 1614 1201 1669 numerus
1221 1594 1272 1671 est
1294 1620 1456 1681 canaan·¹

238 1688 339 1773 litter
362 1715 449 1791 quoa
474 1690 619 1764 suerunt
643 1687 679 1763 in
714 1684 838 1782 primia
862 1685 1110 1782 Anabaptistae
1142 1712 1292 1785 quotum
1321 1716 1458 1797 marty·
1490 1734 1492 1739 ·

235 1793 290 1867 ria
323 1790 366 1865 ab
400 1811 431 1862 a.
465 1806 572 1877 1527.
605 1796 828 1879 coeperunt,
869 1802 1064 1880 magnoque
1106 1783 1249 1861 suerunt
1285 1810 1455 1875 numero.

234 1889 277 1963 ln
302 1885 426 1982 quibua
441 1877 673 1954 recensendis
688 1874 841 1973 prolixae
861 1877 1050 1952 admodum
1075 1878 1126 1953 est
1143 1882 1289 1975 Brandt,
1302 1888 1362 1971 ,de
1378 1888 1456 1967 nit·

236 1979 326 2057 toria
348 1973 625 2052 Reformationia
648 1968 759 2068 Belgii
773 1972 1140 2067 praeclare-meritur,
1168 1998 1238 2052 nec
1262 1976 1457 2065 manteli-

235 2071 421 2153 Getdestur
444 2071 482 2146 iu
504 2069 596 2145 libro
619 2067 721 2165 supra
744 2068 899 2157 laudato,
930 2068 989 2143 sed
1011 2067 1074 2142 alia
1091 2068 1238 2160 ratione,
1270 2066 1462 2179 quousque]

231 2170 410 2249 historiam
433 2164 617 2265 perduxit,
645 2165 694 2248 ad,
713 2162 861 2239 medium
889 2162 1009 2239 seculi.
1115 2189 1136 2240 u
1166 2186 1283 2247 umen
1310 2178 1362 2249 uti
1375 2198 1457 2259 noa
1489 2214 1492 2221 ·

233 2269 350 2346 licuit.
397 2265 493 2341 Inter
517 2284 579 2337 eoa
603 2262 646 2336 ab
670 2285 702 2337 a.
729 2280 823 2356 1534
846 2256 917 2336 sese
948 2261 1077 2335 manile
1092 2265 1225 2354 larunt,
1248 2287 1288 2342 et
1311 2268 1348 2345 in
1383 2294 1453 2369 pus

235 2368 369 2444 blicam
399 2360 609 2460 prodierunt
633 2357 735 2431 multi
757 2353 1004 2452 Anabaptistae
1029 2357 1188 2448 fanatici,
1213 2366 1271 2458 qui
1295 2367 1453 2462 spiritua

233 2461 444 2559 peculiarem
471 2454 629 2535 dudlum,
654 2472 690 2523 et
709 2450 969 2544 inspirationes,
994 2453 1217 2546 inchoabant,
1243 2463 1360 2536 multia
1378 2467 1450 2538 eti·

232 2578 289 2629 am
314 2551 454 2645 patratis
477 2545 712 2630 facinoribus,
738 2568 826 2637 quae
843 2544 885 2620 ad
905 2545 1092 2621 seditiones
1112 2571 1148 2621 et
1167 2557 1333 2631 tumultus
1349 2559 1450 2655 spec·

236 2649 366 2723 tabant.
415 2641 510 2740 Qui,
554 2637 672 2711 foriofi
711 2662 765 2711 ma
794 2640 841 2729 is,
871 2663 974 2736 quam
1007 2643 1084 2716 sana
1119 2668 1238 2721 mente
1270 2655 1425 2749 praediti

229 2741 399 2837 originem
438 2734 621 2810 censentur
658 2663 806 2810 habuiffie
836 2755 856 2807 a
884 2736 1038 2810 Nicolao
1072 2740 1263 2834 Storckio,
1305 2749 1364 2845 qui
1406 2711 1446 2830 ni

182 2892 187 2900 -
235 2835 384 2913 Saxonia
410 2830 501 2906 circa
528 2855 557 2905 a.
586 2852 694 2921 1522.
721 2829 756 2904 se
783 2827 982 2906 ostentavit.
1031 2834 1088 2906 De
1121 2839 1245 2930 quibus
1279 2843 1401 2921 Anaba

236 2932 323 3009 tiliis
356 2929 413 3026 egi
449 2927 485 3000 in
520 2923 661 3000 historia
696 2924 976 2999 Reformationia
1010 2927 1227 3007 Germaniae.
1276 2941 1394 3037 Adjun
1433 2945 1444 2960 ‘

234 3049 349 3104 autern
377 3029 420 3099 iia
446 3023 541 3111 sunt,
568 3023 605 3094 et
629 3044 711 3095 curn
742 3018 785 3094 iia
816 3020 934 3118 passim
965 3023 1120 3117 consusr,
1159 3030 1216 3125 qui
1248 3040 1454 3133 anabaptis-

232 3147 328 3198 mum
361 3143 440 3195 curn
472 3116 539 3191 illis
578 3115 762 3190 habuerint
801 3138 1043 3193 communem:
1095 3121 1183 3196 unde
1219 3147 1333 3204 ortum
1369 3131 1445 3233 est,

233 3217 329 3316 quod
352 3237 475 3288 omnea
500 3210 766 3307 Anabaptistae,
791 3212 885 3286 nullo
907 3211 1002 3288 fatto
1029 3214 1247 3312 discrimine,
1272 3225 1308 3297 in
1336 3228 1445 3325 longe

233 3315 413 3413 graviores
445 3306 627 3381 inciderint
652 3306 924 3402 persecutiones.
982 3309 1063 3385 Fuit
1086 3335 1173 3387 vero
1199 3318 1293 3391 inter
1322 3320 1447 3399 lanati.

232 3434 294 3488 coa
321 3406 393 3480 ilos
425 3403 602 3479 Melchior
631 3404 884 3493 Hofmannua,
925 3430 945 3480 a
980 3430 1049 3502 quo
1078 3410 1320 3508 Melcit'orilioe
1353 3418 1442 3504 diiii

233 3510 332 3594 fiunt,
358 3502 503 3576 natione
530 3502 684 3588 Suevua,
710 3501 871 3594 pellionia
888 3519 997 3574 artem
1019 3527 1205 3593 exercens,
1232 3507 1379 3607 ingenio
1400 3536 1441 3594 et

233 3605 351 3697 lingua
374 3599 529 3693 pollens,
560 3595 638 3669 alias
661 3597 774 3685 rudia,
805 3597 884 3691 qui,
908 3618 953 3671 ex
981 3601 1167 3676 Germania
1190 3603 1359 3681 limbdam
1380 3634 1445 3690 ve·

231 3699 353 3780 niens,
377 3689 498 3766 effecit
515 3713 585 3762 non
598 3708 752 3777 tantum,
778 3709 836 3779 ut,
854 3694 1071 3768 connivente
1088 3699 1316 3792 Mugillano,
1345 3705 1442 3788 Ana.

232 3791 422 3886 baptillnua
445 3785 583 3881 publice
613 3785 821 3863 invaluerit.
869 3788 941 3860 vid.
974 3789 1128 3866 Emmius
1153 3796 1238 3870 Rer.
1262 3798 1347 3876 Fris.
1373 3805 1440 3886 lib.

231 3878 904 4072 atltlt‘,instantias
926 3883 1440 4080 lliililildillel‘illffl

230 4077 335 4156 ri'est
353 4034 591 4173 mancipatur,
632 4088 668 4144 et
695 4071 746 4148 ibi
778 4092 945 4152 mortum.
995 4077 1177 4158 Promovit
1206 4105 1250 4160 eo
1274 4024 1443 4188 tempos}

1324 4290 1333 4307 ὑ
1354 4187 1445 4270 furi.
