3000 4800
136 566 172 613 r}

588 666 692 744 Sectis.
720 664 823 744 XVI.
878 739 888 747 .
1120 652 1124 657 .
1258 705 1306 781 23

79 841 269 921 desirium
293 837 499 919 instillarunt
522 845 704 943 Johanner
727 841 909 934 Brentius,
933 861 971 919 et
990 845 1217 941 Theobaldus
1234 860 1301 936 Bil-

10 990 12 1003 ι
75 943 225 1040 licanua,
251 962 399 1039 quorum
414 941 474 1015 iile
493 945 618 1017 fialam
637 943 785 1031 discessit
809 966 840 1019 a.
870 961 998 1032 1522,
1024 943 1079 1019 hic
1097 970 1184 1022 vero
1202 975 1299 1031 man·
1443 1022 1446 1027 ,

73 1036 131 1130 fit,
174 1039 233 1112 fed
262 1037 410 1112 multum
444 1056 599 1114 vexatus.
652 1038 772 1134 Sparsa
798 1060 937 1135 quoque
972 1039 1049 1112 sunt
1080 1065 1146 1135 per
1168 1042 1295 1126 Palati.

72 1154 187 1208 natum
210 1132 446 1230 Bipontinum
469 1134 732 1209 reformationis
758 1132 903 1221 semina,
927 1131 986 1206 sed
1005 1135 1117 1209 Princi
1145 1139 1294 1219 isauro·

71 1231 150 1304 ritas
174 1253 252 1304 non
277 1225 342 1301 nist
368 1253 399 1304 ι.
433 1251 539 1325 1523.
564 1233 713 1306 accedit.
767 1231 851 1305 Vid.
876 1225 1050 1327 Altingin
1065 1233 1099 1304 lai
1132 1237 1291 1314 ‚Palam
1330 1257 1334 1266 ·

72 1344 177 1402 aaron
225 1326 399 1420 Princeps
423 1326 522 1399 enim
544 1327 642 1424 hujus
666 1325 771 1418 partis
794 1326 1020 1413 Palatinatus,
1043 1331 1086 1401 ab
1103 1331 1305 1412 Electorali‘

70 1425 242 1510 secretae,
268 1420 494 1511 Ludovicus,
529 1422 639 1499 Ducis
662 1420 872 1519 wolfgangi
896 1423 1016 1509 Pater,
1041 1424 1136 1496 iuter
1152 1431 1289 1522 primos

69 1519 107 1592 ln
175 1518 203 1591 ii
222 1519 392 1590 Proceres
415 1517 704 1593 reformationem
724 1517 864 1614 publice
888 1515 958 1590 fuit
975 1519 1171 1612 ampiexus,
1200 1522 1285 1611 mit.

114 1613 168 1687 cis
201 1611 397 1687 eliminatis
422 1635 455 1688 a
484 1635 552 1704 152
558 1639 613 1711 3.,
649 1613 725 1687 usus
750 1635 856 1710 opera
882 1612 1052 1706 thanuis
1072 1617 1281 1716 Sciuelelii,

65 1707 300 1797 Pfortzeusts,
332 1708 393 1806 qui
426 1731 457 1784 a.
493 1732 598 1802 1514.
630 1708 860 1804 Argentorati
886 1706 1054 1784 Sacerdos
1076 1709 1203 1803 fastus,
1235 1738 1283 1793 eo

68 1808 202 1882 Ordine
228 1801 354 1902 postea
370 1805 551 1896 abdicato,
577 1807 619 1880 ad
637 1805 877 1902 Sickingium,
901 1803 1220 1904 patriaprofugua,
1246 1814 1287 1891 ie

65 1899 238 1990 contulit,
264 1917 303 1973 et
327 1923 359 1975 a.
387 1921 497 1992 1521.
522 1924 662 1977 uxorem
685 1904 808 1992 duxit,
833 1901 916 1975 dein
934 1924 965 1975 a.
991 1922 1096 1991 1524.
1121 1909 1164 1977 ab
1179 1906 1283 1983 Elec·

62 2016 135 2071 tore
166 2016 321 2071 vocatus
346 1993 396 2068 est
419 1996 704 2096 Heidelbergam.
756 2000 895 2072 Praeter
923 1997 1178 2073 Schwebelium
1203 2000 1283 2079 fue·

64 2113 144 2167 runt
176 2091 303 2165 etalii
330 2088 482 2187 insignes
512 2094 602 2181 viti,
661 2093 717 2182 ui,
749 2091 899 2167 Lutheri
924 2091 1019 2167 libris
1041 2094 1207 2186 excitati,
1233 2099 1280 2177 ad

61 2188 268 2284 scripturae
298 2186 485 2262 teutonem
518 2188 589 2263 sese
619 2118 877 2285 adplicuerunt,
901 2209 939 2261 et
963 2187 1171 2264 reformatae
1194 2194 1282 2271 doc·

57 2287 174 2361 trinae
201 2280 445 2381 propagandae
468 2286 670 2358 incumbere
695 2303 889 2376 coeperunt
915 2284 951 2356 in
977 2284 1173 2362 Germania.
1222 2293 1281 2364 ln·
1394 2334 1408 2357 .

60 2402 121 2455 ter
150 2403 237 2475 quos
269 2377 419 2451 eminuit
467 2383 641 2454 Martinus
671 2380 836 2465 ducetur,
863 2377 921 2472 qui
957 2377 1077 2474 postea
1109 2382 1210 2478 saepe
1241 2385 1282 2461 in

55 2476 199 2552 scenam
223 2472 404 2571 prodibit,
429 2475 705 2564 Selestadiensrs‚
732 2477 1003 2561 Dominicanus,
1033 2475 1186 2552 Elesiori
1214 2482 1277 2557 Pa·

54 2571 173 2650 latino
196 2591 218 2642 a
240 2567 343 2643 sacris
366 2573 618 2657 concionibus,
642 2574 721 2666 qui,
747 2591 891 2643 notante
916 2572 1118 2646 Melcltiore
1135 2574 1279 2654 Adamo

55 2669 92 2745 in
126 2668 208 2763 ejus
232 2665 327 2755 vita,
353 2689 398 2740 ex
431 2668 561 2740 Erasmi
588 2667 725 2760 scriptis
759 2666 906 2760 purioris
936 2667 1110 2740 doctrinae
1144 2671 1274 2752 femina

52 2763 245 2863 percepit3
271 2779 328 2852 et,
353 2760 445 2857 quod
470 2763 618 2837 Lutheri
645 2765 828 2835 conamina
852 2762 1067 2870 aliquatenus
1084 2770 1271 2861 probaret,

53 2887 74 2937 a
106 2855 307 2932 Monachis
339 2876 502 2953 vexatus,
527 2863 561 2933 se
593 2857 731 2952 recepit
756 2861 798 2930 ad
830 2859 1066 2954 Sickrngium:
1100 2861 1178 2932 dein
1206 2867 1274 2937 Ar.

55 2972 288 3056 gentoratum
319 2953 433 3042 venit,
460 2978 489 3030 a.
520 2979 647 3049 1523„
674 2976 709 3026 et
733 2952 1018 3027 reformationem
1046 2957 1280 3034 introducere

50 3078 115 3128 oue
141 3051 197 3141 it,
226 3070 309 3123 cum
341 3047 485 3144 collegis
521 3052 667 3145 Caspare
702 3049 890 3137 Hedione,
919 3070 955 3119 et
982 3051 1067 3125 aliis.
1117 3054 1174 3124 De
1203 3078 1277 3150 quo

130 3170 189 3220 ea.
238 3145 378 3218 Praeter
394 3144 458 3218 hus
473 3143 569 3219 viros
586 3147 746 3219 faverunt
764 3146 923 3218 Lutltero
942 3146 1085 3239 Equites
1101 3167 1136 3217 et
1155 3149 1271 3225 Nobi·

51 3175 120 3336 fg,
159 3239 260 3315 haud
286 3240 415 3336 exiguo
438 3264 597 3317 numero,
645 3244 745 3318 inter
768 3264 852 3335 quos
875 3241 1031 3312 eminent
1057 3243 1269 3323 Haltmanus

51 3335 336 3430 Croncbergius,
362 3355 486 3430 putens
503 3340 539 3411 in
560 3336 671 3411 trac‘lu
688 3337 860 3409 Rhenano
878 3338 1012 3432 Eques,
1038 3356 1072 3408 et
1089 3339 1125 3409 in
1146 3340 1273 3433 primis-

52 3433 259 3512 Francifcus
283 3453 303 3504 a
325 3430 536 3529 Siclringen,
562 3432 676 3529 Eques
700 3455 835 3527 quoque
863 3435 1049 3505 Rhenanus
1074 3435 1268 3527 potentilla-

50 3528 144 3624 mne,
182 3528 248 3625 qui
271 3527 440 3625 profugos
466 3553 580 3603 novos
603 3526 827 3623 euangelistas
853 3528 1007 3622 benigne
1042 3532 1198 3619 recepit,
1234 3551 1271 3607 et

46 3625 225 3731 protexit.
274 3624 379 3719 Apud
408 3647 508 3719 quem
533 3626 640 3698 etiam
666 3628 793 3722 asylum
820 3625 940 3696 nasius
965 3622 1014 3694 est
1032 3623 1185 3697 fervidus
1202 3628 1272 3700 Lu·

48 3726 143 3803 theri
172 3718 310 3795 adsecla
341 3719 481 3795 Uiricus
503 3721 706 3810 Huttenus,
741 3721 857 3808 Eques
880 3721 1049 3803 Francus,
1087 3724 1166 3812 qui,
1200 3721 1273 3794 stu.

46 3823 114 3899 diis
144 3813 420 3893 humanioribus
447 3815 667 3890 Francofurti
701 3819 744 3890 ad
778 3816 947 3888 Viadrum
981 3816 1172 3903 contestis,
1200 3841 1272 3893 ma·

46 3915 146 4022 gistri
177 3910 325 4009 gradum
360 3913 506 4003 meruit,
540 3912 622 3986 dein
655 3908 820 3987 militavit
852 3911 912 3983 sub
945 3912 1193 3986 lllaximiliano
1221 3915 1270 4001 L,

47 4035 83 4091 et
105 4005 266 4112 eqneilri
291 4027 419 4101 torque
441 4014 484 4084 ab
511 4032 560 4084 eo
581 4010 725 4083 donatus
751 4007 819 4096 est,
851 4027 888 4079 ut
920 4025 957 4079 et
982 4028 1111 4081 corona
1139 4027 1176 4080 et
1203 4007 1276 4078 ltu·-

44 4114 103 4192 ῥα
122 4104 296 4211 poetica,
335 4123 445 4209 ‚quum
476 4125 587 4183 attero
624 4108 772 4182 maxime
803 4103 967 4183 excoluit.
1017 4103 1102 4179 Erat
1130 4100 1277 4198 quidem

620 4203 699 4295 c4
753 4231 767 4240 ,.
1016 4243 1020 4251 ,
1143 4217 1279 4292 paruo,
1362 4218 1420 4488 Ι
