3170 4430
324 163 397 250 48²
710 143 857 248 ffiflvrt'a
880 147 1013 248 Ecules.
1041 149 1161 254 Cirist.

330 333 424 410 eninr
449 325 555 406 modo
578 347 767 426 generetur
794 327 904 404 homo
924 349 991 426 pen
1017 331 1137 407 semen
1159 351 1339 410 maternum
1360 354 1483 430 erpone

328 453 433 518 num,
464 427 590 500 eodem
615 423 721 500 etiarn
747 424 904 500 Christus
923 449 992 522 per
1010 428 1132 502 iernen
1161 431 1309 520 Mariae,
1337 453 1369 504 et
1392 435 1479 522 vesu.

328 527 445 601 iocum
471 525 609 618 paterni
635 523 776 596 seminis
801 520 1013 618 supplentis:
1046 529 1200 605 omnium.
1218 529 1264 624 est
1291 546 1369 600 term
1390 549 1483 617 muer,
1525 567 1526 582 κ

328 637 362 696 et
389 637 525 694 terream
548 623 737 693 elementum
754 619 884 713 semper
907 641 928 690 a
955 637 1079 694 matre:
1115 625 1199 696 nibil
1219 623 1264 718 eli
1292 651 1312 696 a
1336 643 1416 716 patre
1441 645 1483 695 tor·

254 749 259 756 ·
326 740 436 805 reum,
468 717 547 810 quod
567 721 675 810 geniti
707 717 841 788 orminos
866 713 1116 806 comptitianem
1148 725 1261 797 intrat.
1302 723 1381 792 Siout
1402 743 1446 794 me
1463 725 1485 790 in

327 813 449 900 corruo
465 811 564 905 suite
583 810 617 902 fi
640 811 715 909 quid
736 809 784 904 est
806 813 842 882 in
861 828 996 906 paterno
1020 817 1123 906 nolito
1140 815 1264 912 semim
1281 831 1417 905 terreum,
1436 837 1484 886 ron·

324 910 409 982 emto
432 907 574 1005 Spiritus
598 909 646 1004 est
671 907 795 1002 eustos,
828 924 861 979 et
885 910 920 978 in
951 915 1158 985 membranae
1179 915 1283 1000 iltius,
1306 935 1374 1005 quae
1400 915 1484 983 dieitur

325 1012 452 1102 popio,
478 1021 646 1080 externam
670 1009 739 1078 abit
763 1001 1034 1096 inerustutionem.
1088 1006 1211 1082 Verba
1224 1007 1367 1081 recensui
1380 1004 1481 1078 Serrei

325 1126 372 1176 en
395 1103 485 1176 libro
517 1103 725 1196 dialogorum.
776 1099 880 1174 Unde
908 1101 999 1170 clare
1030 1099 1189 1192 oenstnt,
1220 1128 1296 1176 eutr.
1324 1123 1383 1175 non
1410 1097 1483 1194 ungit

324 1197 465 1272 Christi·
479 1199 730 1272 humanitatem
758 1193 914 1288 negotist,
939 1216 1040 1290 quant
1064 1197 1209 1272 aliorum
1226 1199 1388 1272 hominum
1402 1195 1481 1266 onni-

321 1313 393 1368 nm.
445 1293 574 1364 Eodem
609 1291 684 1362 iere
719 1290 835 1362 habet.
853 1289 1018 1363 articulus
1050 1315 1157 1382 19nus
1196 1295 1285 1390 apud
1324 1292 1481 1376 Caiuinnn,

317 1385 380 1460 seo
410 1387 492 1458 inde
515 1387 712 1458 concinium
736 1382 809 1470 est,
845 1383 1005 1478 cortsoum
1036 1412 1098 1460 nan
1122 1390 1265 1484 babuiffle
1289 1409 1386 1480 corpas
1406 1385 1479 1480 nasim

313 1479 442 1577 fimrim
475 1481 509 1552 id
537 1481 616 1576 quod
639 1481 768 1574 perinde
794 1477 858 1570 esi,
890 1479 940 1551 ita
962 1481 1119 1574 additur,
1149 1509 1191 1558 ae
1219 1489 1414 1558 redemtionem
1431 1475 1478 1566 nos·

317 1593 405 1652 tram
430 1578 544 1650 delere.
594 1575 662 1649 Sed
688 1573 911 1672 proferuntur
930 1576 1015 1662 ibid.
1039 1601 1124 1654 mox
1148 1583 1284 1654 Serveti
1302 1584 1408 1667 verbu,
1427 1575 1476 1670 qui·
1525 1641 1526 1654 ,

317 1677 379 1752 but
403 1673 517 1762 dixit,
552 1678 585 1744 itt
609 1677 699 1747 nobis
741 1673 824 1746 oium
856 1667 918 1764 effe
948 1673 1104 1747 elementa
1129 1695 1324 1768 ereata‚„et
1334 1672 1475 1771 satomo-

315 1773 537 1866 omnpotens
562 1769 647 1860 Dei,
673 1778 703 1866 ip
751 1764 1114 1862 carnisubstantialieer
1130 1775 1393 1846 communicatam.
1416 1763 1474 1840 Res·

311 1869 443 1963 pandit
459 1869 644 1951 Servetur,
669 1883 780 1956 corpus
807 1862 922 1958 Christi
943 1863 991 1952 ιβ
1004 1863 1241 1958 nostrostmo'ie,
1264 1883 1383 1962 excepta
1393 1882 1474 1955 proco·

313 1965 514 2050 roratione,
547 1977 678 2050 excepto
705 1964 804 2048 item,
842 1961 922 2051 quod
951 1957 1053 2052 ipsum
1084 1957 1141 2059 efl'
1164 1970 1321 2060 particeps
1352 1960 1471 2034 Deitau‘t.

310 2053 491 2129 Atticulae
516 2073 632 2126 tomus
657 2055 782 2133 habet,
818 2077 920 2128 rorem
948 2057 1038 2130 ilium
1066 2060 1232 2154 caelestem
1266 2061 1379 2153 uirgini
1394 2061 1468 2128 oium·

310 2155 481 2238 mantem,
509 2163 540 2218 et
555 2145 791 2244 seminique,
817 2148 1017 2242 etsangur'm'
1029 2207 1038 2240 ‚
1054 2152 1129 2249 sese
1146 2155 1373 2251 immiscentem,
1391 2143 1467 2242 oratos·

301 2243 464 2343 sormaffe
490 2244 524 2314 itt
550 2243 655 2318 Deum
682 2245 854 2318 hamonem
880 2253 1074 2323 materiam:
1100 2250 1157 2324 seo
1187 2251 1370 2348 respondit,
1391 2265 1466 2319 trou-

297 2341 461 2440 sarmatio
485 2336 533 2433 esi
556 2343 604 2412 iii
624 2339 823 2435 glorificatio
855 2356 888 2410 et
922 2340 1106 2438 illustratio.
1155 2349 1214 2422 Ad
1247 2350 1328 2420 naec
1355 2339 1465 2423 accedit,

307 2463 410 2530 eum,
435 2455 474 2512 ut
497 2434 596 2529 supro
619 2434 819 2523 habuimus,
843 2436 1071 2527 protestatum
1086 2441 1174 2529 effe,
1200 2443 1259 2518 fibi
1275 2438 1463 2532 maleinputo·

306 2536 359 2624 ri,
382 2532 477 2632 quod
501 2528 592 2602 circe
619 2530 888 2604 incarnationem
913 2551 982 2605 non
1007 2537 1100 2609 reoie
1125 2537 1272 2614 sentiret

357 2628 391 2728 i.
415 2625 698 2704 CCCCLXXiX.
731 2623 893 2723 Denique
913 2626 956 2698 de
980 2631 1071 2725 lapsu
1099 2634 1247 2725 Adami,
1280 2649 1399 2728 pecu-uto
1414 2623 1461 2699 oti·

306 2725 438 2826 ginali.
465 2740 503 2798 et
525 2723 742 2796 redemtione
763 2723 1032 2817 perennium,
1059 2725 1187 2804 reiiius
1204 2731 1326 2804 Socino
1340 2723 1462 2806 credidit,

304 2841 346 2897 nt
371 2821 456 2918 ibid.
480 2819 515 2893 in
550 2820 638 2895 Bibi.
667 2821 782 2892 Brent-
813 2817 968 2893 doeetur.
1020 2821 1152 2914 Adam,
1179 2827 1290 2912 dixit,
1320 2819 1462 2896 mommio

307 2919 400 2996 trebir
436 2913 608 3010 causatio,
642 2939 711 2989 reor
738 2938 793 2990 nos
816 2914 904 3006 nasci
916 2914 1026 3008 fecit,
1051 2935 1084 2990 et
1105 2923 1140 2992 t'n
1166 2925 1260 2996 nobis
1284 2915 1409 3016 inpufflo,
1428 2921 1459 2976 “i

304 3015 411 3090 aouoo
435 3013 573 3104 amplius
597 3025 790 3106 pereamust*
808 3010 907 3107 eausa
931 3011 1117 3108 injurest,
1162 3022 1223 3094 uod
1234 3017 1384 3112 serpentem
1400 3005 1452 3075 iia·
1524 3025 1525 3034 ¹

302 3113 412 3184 bolum
444 3111 534 3182 nobit
560 3106 711 3199 intraſse,
740 3107 881 3200 [repenti
904 3107 1098 3204 potestatem
1121 3041 1182 3206 iri
1208 3112 1339 3198 faciem.
1373 3102 1456 3178 sicet

299 3203 385 3280 ibid.
410 3209 586 3276 morborum
617 3208 754 3276 omnium
780 3198 897 3297 causas
928 3207 1151 3280 cacodaemoni
1175 3207 1343 3290 adscribit,
1370 3213 1459 3297 pecca·

301 3320 398 3389 tum,
431 3297 525 3396 quod
549 3295 587 3370 in
613 3298 713 3371 nobis
738 3317 877 3370 ornnem
903 3319 1065 3394 operatur
1092 3301 1403 3398 concupiscentiam,
1426 3281 1462 3358 est

301 3395 459 3474 diabotus
480 3391 566 3486 ipse.
615 3391 792 3466 Articuiuo
813 3415 898 3465 vero
922 3418 1038 3489 aymus
1063 3395 1149 3492 fert,
1173 3425 1234 3473 non
1255 3396 1392 3473 committi
1405 3405 1458 3480 pcc·

300 3497 412 3572 aarum
433 3491 570 3566 mortale
591 3501 668 3563 anto
693 3512 794 3562 annot
816 3495 954 3586 uiginti:
977 3493 1070 3588 quod
1087 3497 1252 3590 agnovit,
1275 3513 1310 3570 ut
1324 3487 1461 3568 veroum

291 3585 544 3703 prorumpite
565 3584 679 3694 pergit
699 3583 739 3669 in
753 3585 842 3695 otoo
859 3589 1034 3673 uenena
1045 3642 1058 3688 ,
1088 3609 1262 3692 oporteret,
1283 3593 1462 3741 bominem:

286 3716 294 3727 ·
377 3707 382 3722 ·
916 3734 927 3746 .
1049 3729 1053 3735 .
1376 3696 1437 3777 pore
