3000 4800
209 683 258 758 70
591 653 740 758 Historia
763 656 893 760 Eresos.
919 658 1035 761 Ciuili.

212 838 506 934 Wittebergamr‘
523 833 580 910 sed
605 834 741 932 postea,
766 860 845 914 curn
870 839 929 914 irbi
951 837 1089 931 infidias
1111 835 1202 920 strui
1214 836 1436 919 animadvers

214 956 325 1027 teret,
356 938 523 1027 migravit
545 956 623 1006 curn
649 933 777 1007 familia
803 939 840 1011 in
868 934 1092 1027 Helvetium,
1126 958 1163 1012 et
1190 939 1340 1035 primum
1365 937 1434 1014 Ti·

216 1036 313 1132 goti,
345 1031 425 1103 dein
456 1030 606 1104 Baiiieae
638 1030 779 1117 docuit,
819 1053 976 1106 mortuus
1006 1056 1037 1110 a.
1075 1055 1179 1128 1543·
1231 1037 1277 1110 'In
1312 1034 1432 1110 Silesia

217 1126 438 1215 Fredericus,
472 1128 554 1199 Dux
588 1125 801 1222 Lignicensts
826 1151 862 1201 et
886 1129 1072 1223 Brigenfir,
1109 1151 1147 1203 ut
1173 1129 1431 1226 suspicionem,

218 1225 286 1304 acsi
312 1223 514 1296 sententiam
537 1224 684 1296 Lutireri
711 1221 870 1312 foveret,
903 1250 921 1297 a
944 1226 978 1296 se
1001 1227 1220 1314 amoliretur,
1246 1225 1435 1299 confeffio·

174 1332 177 1340 '
215 1346 295 1398 nem
331 1342 349 1390 a
383 1316 593 1407 Pastoribus,
632 1319 670 1392 in
706 1341 811 1391 unum
847 1323 1073 1409 convocatis,
1113 1323 1290 1395 conscribi
1315 1322 1434 1415 jusitt,

216 1441 306 1591 puae
346 1413 519 1522 corporali
560 1413 772 1508 praesentiae
813 1434 935 1512 aperte
969 1414 1190 1493 contradicit,
1245 1416 1315 1491 Sed
1348 1418 1435 1495 Dux

231 1531 423 1587 ententtam
451 1507 568 1604 postea
591 1509 702 1582 rursus
721 1515 881 1584 mutauit
932 1510 1110 1606 Johanner
1127 1510 1301 1602 Brentiur,
1325 1512 1435 1589 Zuin·

218 1610 328 1711 giiutn
356 1627 393 1679 et
417 1603 728 1700 Oceoiampadium
754 1605 982 1696 refutatum,
1006 1608 1044 1681 in
1071 1605 1434 1705 eregefijoh.·v1.,

218 1724 374 1785 mentem
410 1704 460 1775 ita
492 1703 673 1794 exposuit,
706 1719 745 1773 ut
773 1701 1019 1797 aZttingiiana
1054 1727 1168 1800 prope
1190 1704 1351 1778 videatur
1374 1707 1437 1778 ab·

220 1801 315 1890 esse,
348 1797 439 1872 unde
469 1814 636 1891 excerpta
669 1795 804 1870 exstant
832 1802 922 1890 apud
954 1796 1223 1893 Hospinianum.
1271 1798 1374 1876 Dicit
1397 1821 1436 1871 e·

221 1898 314 1984 nim,
336 1915 425 1990 pane
449 1911 485 1963 et
511 1893 599 1964 vino
622 1889 782 1966 distribui
804 1914 842 1966 et
864 1894 984 1983 donari
1002 1893 1086 1968 fidei
1100 1893 1238 1970 nostrae
1255 1913 1382 1989 corpus
1396 1915 1436 1970 et

95 2072 97 2076 Α
138 1986 141 1991 ’
220 1993 418 2085 sanguinem
451 1985 603 2074 Christi,
638 2004 675 2059 et
705 2009 747 2062 ea
778 1986 914 2064 ratione
936 1986 1007 2063 effe
1033 2003 1118 2064 vcre
1140 2011 1265 2087 corpur
1288 1989 1436 2071 Christi.

33 2150 39 2159 ,
118 2116 119 2121 ’
219 2092 298 2164 Sed.
324 2085 416 2159 filius
450 2083 545 2178 ejus,
577 2083 684 2155 etiam
719 2082 897 2180 Johaoncr
919 2085 1102 2175 Brentiur,
1133 2085 1270 2159 Patrem
1295 2086 1438 2170 abhoc

220 2203 340 2257 errore
357 2179 621 2254 sacramentario
637 2178 817 2253 vindicare
832 2179 1005 2275 adgressur
1020 2178 1071 2254 est
1085 2204 1115 2255 a.
1135 2186 1241 2269 1582.
1265 2182 1439 2278 Denique.
1484 2180 1487 2185 ’

220 2281 384 2366 suerunt,
415 2273 484 2371 qui.
505 2275 575 2348 hoc
604 2273 773 2349 diffidium
806 2277 973 2371 componi
989 2275 1096 2371 'posse
1119 2274 1347 2368 censuerunt,
1371 2275 1438 2353 stas

222 2376 376 2462 tuendo,
410 2370 584 2458 sufficere,
609 2370 780 2445 Christum
806 2371 875 2444 fide
897 2370 1006 2464 accipi
1034 2375 1269 2467 perverbum
1294 2372 1334 2453 in·
1353 2395 1438 2448 coe·

220 2493 284 2560 na,
319 2467 413 2565 quod
444 2466 604 2558 utrinque
636 2465 852 2560 agnoscitur,
888 2467 931 2539 de
962 2468 1068 2539 motio
1093 2489 1164 2539 non
1187 2466 1257 2542 esse
1279 2468 1437 2545 animose

223 2559 520 2641 contendendum.
575 2559 652 2657 Qua
674 2559 811 2631 ratione
836 2561 988 2655 Jacobut
1007 2561 1202 2653 Oetherut,
1226 2585 1353 2657 praeco
1369 2587 1435 2637 eu·

221 2657 352 2756 angelii
376 2657 414 2728 in
440 2654 575 2750 oppido
598 2654 763 2728 steinaco
787 2651 828 2727 ad
854 2655 1028 2746 Nicrum,
1054 2650 1091 2730 et
1115 2657 1297 2735 Martinus
1321 2660 1434 2734 Buce⁴

222 2780 300 2842 rur,
326 2750 569 2840 instituerunt,
593 2750 678 2822 licet
700 2746 871 2844 posterior
894 2749 1138 2842 fluctuaverit,
1162 2752 1270 2828 modo
1285 2755 1328 2832 od
1345 2754 1438 2832 Hei-

222 2849 360 2940 vetios‚
383 2847 490 2921 modo
513 2845 753 2932 Lutheranos,
778 2845 924 2939 propior
938 2849 1127 2938 accedent,
1150 2847 1187 2923 in
1203 2852 1312 2927 modo
1329 2852 1436 2931 fidem

224 2945 444 3044 explicandi,
469 2962 508 3015 ut
531 2943 702 3015 Scultetur
723 2940 893 3017 observat.
950 2985 954 3012 2
1146 2990 1151 3021 ,

232 3089 238 3101 ·
270 3043 290 3141 s
328 3040 462 3117 L'XVI.
495 3037 574 3111 Alia
607 3034 780 3111 obstacula
819 3033 895 3110 sunt
926 3036 1164 3113 aPontistciir
1192 3039 1341 3139 injecta,
1372 3041 1435 3139 qui

226 3143 264 3217 in
305 3132 604 3232 persecutionibus
638 3131 915 3226 perseverarunt.
973 3133 1146 3229 Joachimi
1179 3138 1231 3227 1..
1261 3138 1434 3216 Erettoris

224 3223 540 3324 Brandenbu'tgici,
575 3229 657 3300 zelo.
693 3247 877 3322 acceptum
914 3225 1097 3303 serendum
1128 3228 1198 3316 cst,
1235 3234 1329 3325 quod
1360 3255 1440 3311 uon·

226 3350 361 3408 tantum
388 3348 474 3399 uxor
497 3325 591 3420 ejus,
624 3320 838 3414 Elisabetha,
870 3344 1017 3419 propter
1038 3320 1283 3396 eucharistiam
1310 3326 1377 3402 sub,
1395 3351 1436 3399 u·

227 3417 348 3524 traque
373 3420 488 3520 specie
516 3419 739 3506 inmutanda,
764 3418 822 3492 stbi
845 3419 927 3514 suga
945 3413 1158 3492 consuluerit
1174 3416 1216 3492 ad
1232 3415 1433 3498 interrorem

229 3519 420 3608 Saxoniae,
445 3515 652 3590 auunculum
683 3514 777 3609 ejus,
811 3514 867 3588 sed
901 3531 939 3586 et
965 3512 1057 3607 quod
1093 3535 1138 3586 ex
1158 3513 1434 3612 oppidoJuter·

228 3615 371 3702 bocenst
397 3616 433 3687 in
457 3611 627 3696 saxonia,
651 3608 735 3682 licet
757 3609 1172 3708 jurirMagdeburgensts
1187 3610 1434 3708 Archiepisco·

250 3716 282 3804 i,
315 3711 578 3785 concionatores
607 3705 739 3779 suerint
769 3705 850 3780 dolo
881 3704 1041 3790 evocati,
1075 3706 1198 3801 capti,
1235 3727 1269 3780 et
1299 3709 1436 3786 carceri

224 3807 354 3888 tnclust.
403 3807 486 3878 Nec
508 3825 527 3874 a
549 3800 790 3897 persecutione
815 3797 981 3876 abstinuit
1004 3800 1198 3897 Georgius,
1223 3805 1306 3879 Dux
1323 3807 1435 3881 Saxo·

227 3908 322 3992 niae,
357 3921 395 3972 ut
421 3918 536 3972 narrat
560 3895 786 3971 Seckendors.
812 3898 988 3996 Martyrio
1033 3921 1149 3994 uoqoe
1175 3918 1360 3975 coronatus
1384 3899 1437 3978 est

227 3997 404 4098 Georgius
428 3993 636 4085 Scharerus,
660 3990 861 4102 Monachus
884 3920 1148 4084 Franciscanur,
1172 3996 1231 4093 qui
1256 3995 1438 4075 Radstadii

226 4101 266 4182 in
304 4090 447 4175 Bavaria
483 4089 604 4194 purius
636 4089 772 4166 docutt.
797 4090 1037 4191 euangelium,
1070 4089 1216 4192 quippe:
1235 4091 1354 4260 capitle
1384 4088 1441 4177 ibi

1306 4205 1439 4286 pexur.
