3128 4438
474 166 491 236 .'
579 160 811 264 Seculw.
977 185 989 234 .·
1227 144 1298 268 24}

124 341 155 443 ς.
177 339 312 419 CCXL.
344 339 590 439 Praeterquam
617 344 711 441 quod
746 339 996 420 contentiones
1025 341 1071 418 de
1104 342 1293 441 praedesti.

84 437 578 534 natione‚ssolsecoe1pulso,
602 462 674 512 uon
692 438 822 516 fuerint
837 438 980 529 finitae,
1000 441 1090 606 puin
1101 441 1294 517 vehemen-

83 536 144 609 tiut
166 535 259 609 ultro
280 531 443 629 citroque
466 535 636 628 agitatae,
662 555 741 608 cum
756 556 795 610 ca
821 534 935 609 multis
960 535 1127 610 inederit
1145 537 1292 635 opinio,

82 633 190 704 Deum
223 650 287 716 per
311 629 447 702 Calvini
482 628 675 706 dotlrinatn
717 651 875 706 autorem
918 628 1019 704 statui
1059 631 1213 725 peccati,
1252 653 1291 710 et

81 725 178 800 latum
199 724 339 821 aliquod
364 727 522 797 Stoicum
539 723 738 814 introduci,
773 747 876 820 quam
904 745 975 800 uon
1005 726 1182 802 Pontificii
1212 744 1288 804 tan·

83 841 164 910 turn,
190 823 248 894 led
275 838 313 890 et
338 819 590 909 Melanchton,
616 819 743 914 aliique
760 825 894 915 plures,
918 822 965 900 de
985 821 1135 897 Calvino
1158 843 1289 898 conce·

80 939 206 1012 perant,
246 937 361 987 novus
383 913 600 990 [aduolutum
635 917 777 1012 inpetus
815 913 975 1013 prorupit
1006 937 1194 1014 a1553.,
1226 921 1288 1014 qui

80 1011 256 1086 Ecclefiam
275 1007 394 1099 limul,
416 1011 513 1084 sunul
536 1010 824 1120 Rernpublicaur,
850 1009 887 1084 in
904 1032 1099 1088 extremum
1115 1013 1288 1110 praecipi·

82 1109 160 1180 tavit
185 1106 411 1204 periculum,
453 1125 490 1179 ut
514 1109 603 1182 Beza
624 1128 661 1180 tn
684 1105 758 1179 vita
784 1105 920 1180 Calvini
944 1126 1088 1182 enarrat.
1135 1109 1288 1184 ncceffit

77 1207 191 1277 codem
215 1223 314 1278 auno
336 1199 447 1274 fatalis
469 1199 527 1274 ille
543 1200 835 1276 concremationis
858 1201 1048 1276 Michaelis
1070 1203 1210 1276 Serveti
1231 1227 1288 1277 ca·

78 1297 140 1374 lus:
170 1297 214 1370 de
239 1317 313 1392 quo
336 1296 453 1391 postea
483 1294 544 1370 suo
566 1297 657 1370 locu.
710 1298 908 1387 Praeterea,
949 1318 1027 1370 cunr
1053 1297 1286 1394 Bertcleriua,

78 1417 153 1466 unua
173 1391 420 1479 factiosorum,
446 1389 552 1466 horno
564 1396 724 1489 projcilac
743 1396 873 1486 penitus
896 1394 1126 1488 inpudentiae,
1148 1391 1286 1489 judicio

76 1490 196 1580 Bezae,
221 1509 242 1560 a
268 1484 486 1582 Presbyterio
510 1488 555 1560 ob
578 1487 712 1584 flagitia
735 1487 1078 1579 excommunicatus,
1104 1491 1195 1584 apud
1223 1491 1285 1563 Se·

77 1605 184 1657 natum
210 1581 420 1676 conquellus
450 1580 555 1670 ciier,
594 1584 781 1658 multorum
812 1605 949 1680 quoque
981 1587 1149 1658 clamores
1173 1587 1285 1680 palam

77 1680 286 1767 audirentur,
328 1676 584 1773 Presbyterium
618 1677 680 1752 fibi
704 1675 741 1748 in
764 1677 878 1750 multia
902 1676 1070 1773 adrogare
1096 1677 1286 1774 Magistra·

78 1793 123 1847 tut
145 1774 342 1870 inperium,
365 1773 529 1848 statutum
555 1769 605 1850 eli
622 1772 661 1846 in
682 1769 826 1845 confilio
849 1773 1102 1862 Diacoloruru,
1137 1775 1286 1850 ultimum

75 1872 401 1944 eacnnrnunicationir
425 1869 592 1968 judicium
625 1869 670 1944 od
699 1867 843 1942 Senatus
874 1869 1082 1960 cognitionem
1110 1871 1285 1962 pertinere.

77 1965 147 2062 Quo
170 1965 261 2040 adeo
286 1967 513 2040 exacerbatus
546 1961 614 2036 fuit
639 1962 824 2052 Calvinus,
867 1961 933 2036 nac
956 1981 1055 2058 parte
1079 1961 1203 2061 ingens
1225 1989 1284 2040 ze·

76 2062 150 2148 lota,
185 2081 226 2134 ιιι
254 2060 351 2133 inter
373 2057 670 2149 concionandum,
702 2055 880 2154 postquam
906 2056 943 2130 in
976 2078 1216 2134 contemtores
1244 2061 1280 2138 S.

78 2177 193 2229 coenae
216 2153 453 2230 debacchatus
471 2154 571 2242 elien,
597 2157 684 2230 elato
707 2176 811 2230 manu
834 2171 871 2226 et
898 2175 1010 2241 uoce,
1035 2153 1070 2228 iu
1094 2157 1182 2230 haec
1202 2179 1282 2230 ver·

76 2251 112 2325 lu
135 2271 262 2325 temere
284 2247 457 2344 eruperit,
482 2263 520 2322 at
542 2271 601 2344 ego
623 2251 723 2326 occidi
737 2273 786 2322 inc
806 2251 914 2342 potius
934 2253 1066 2343 potiar,
1091 2274 1184 2345 quam
1202 2253 1281 2326 lucc

77 2369 175 2420 nonus
211 2347 280 2419 Dei
318 2347 561 2420 contemtoribus
592 2347 759 2437 judicatis
788 2343 907 2438 sanilo
945 2343 1081 2416 Domini
1115 2349 1279 2442 porrigat.

77 2441 238 2520 lbstmuit
258 2443 330 2516 sese
353 2462 437 2512 tuuc
454 2439 678 2530 Berteleriur,
710 2459 790 2513 cum
815 2437 937 2526 sociis,
965 2439 1143 2534 quidemn
1163 2439 1282 2516 mensa

77 2543 174 2629 lacra,
199 2537 258 2612 sed
282 2535 448 2610 Calvinua
471 2553 569 2610 tantu
587 2555 666 2610 cum
692 2534 918 2608 vehementia
944 2533 1034 2608 hanc
1061 2537 1195 2609 causam
1222 2561 1279 2610 ur·

77 2629 127 2722 fit,
164 2631 345 2708 discelium
369 2653 508 2728 quoque
533 2629 700 2720 minatur,
738 2628 811 2703 imo
834 2626 1008 2702 Ecclesiae
1039 2629 1157 2705 verbis
1181 2631 1278 2708 Pauli

79 2727 147 2801 dil.
170 2729 250 2803 XX:
278 2749 336 2824 32.
368 2726 460 2822 quali
486 2724 703 2814 valedicens,
742 2747 808 2822 pro
840 2723 1031 2816 concione,
1070 2744 1109 2800 ut
1141 2724 1276 2802 decreti

79 2817 317 2902 Diacofiorum.
341 2818 594 2918 suspensronem
625 2818 883 2916 inpetraverit,
930 2819 1046 2896 donec
1076 2844 1098 2894 a
1130 2841 1276 2920 quatuor

78 2915 264 2993 ciuitatibus
288 2917 487 2992 Helveticis
512 2935 691 3012 peteretur
710 2914 897 3012 judicium.

118 3011 145 3108 i.
166 3013 321 3090 CCXLl.
354 3011 609 3102 Aun01554.,
632 3033 710 3085 curn
734 3008 917 3085 occasione
944 3007 1120 3085 violentae
1144 3005 1274 3090 mortit

80 3105 222 3198 Ser-veti,
260 3109 305 3180 de
327 3105 580 3181 lraeteticorurn
610 3107 737 3200 poenis
777 3123 944 3201 coeptum
971 3103 1057 3178 elien
1089 3105 1273 3206 disputari,

81 3203 180 3276 multia
205 3204 365 3278 ultimum
392 3203 473 3282 illud
505 3201 711 3298 supplicium
742 3199 841 3276 valde
874 3199 1158 3296 inprobautibus,
1198 3201 1287 3282 imo¹

80 3299 234 3373 nonnullis
264 3297 559 3384 existimantibus,
600 3295 768 3371 haerelior
798 3293 933 3372 causatu
960 3295 1095 3391 judicio
1123 3296 1192 3373 Dei
1218 3324 1272 3376 re·

79 3387 278 3486 l'urquendam
302 3393 389 3484 elle,
414 3416 516 3490 quam
540 3389 748 3485 opinionem
771 3395 843 3466 boni
868 3391 974 3466 etiarn
998 3392 1123 3490 aliqui,
1151 3389 1189 3494 ut
1208 3399 1273 3472 Be·

84 3505 117 3556 ra
135 3487 299 3583 loquitur,
326 3493 528 3578 tuebantur,
551 3489 669 3574 ueriti,
695 3513 754 3576 nc,
773 3484 808 3581 fi
829 3487 928 3560 aliter
940 3485 1126 3584 sentirent,
1158 3508 1274 3657 tffrun·

87 3599 180 3656 rnnun
205 3587 245 3656 in'
268 3588 336 3678 pios
358 3585 539 3688 saeuitiam
571 3585 744 3676 ,accendere
779 3583 981 3682 uiderentur:
1010 3581 1067 3684 ¹in
1093 3585 1167 3684 pub
1181 3587 1277 3686 icum

99 3671 206 3760 ‚Tun
225 3677 316 3760 Vll.
700 3671 772 3754 Hh
1134 3693 1141 3708 ·
1189 3675 1288 3762 mific'
