3170 4430
312 249 386 327 54⁸
512 223 861 309 INDEX
955 225 1335 309 VOCUM

307 413 404 486 rarior
422 409 528 506 first,
554 411 675 484 limitet
697 407 872 504 regionis,
896 429 916 482 a
939 409 1111 505 primaria
1139 407 1284 486 radicis.
1436 398 1488 493 lap·
1520 491 1521 496 g

310 513 357 582 lla
379 507 572 604 potestate,
606 504 644 579 in
679 505 830 580 soluendo
862 524 926 600 pet
957 510 1081 583 orbern
1120 503 1370 584 circumeundo
1393 496 1427 572 fi·

411 621 470 694 ta3
496 601 590 716 quod
619 600 707 675 fines
730 601 1001 698 circumquaque
1025 605 1183 700 cingant
1208 625 1248 676 re
1274 602 1393 676 ionem.
1445 607 1489 683 301

304 701 357 784 ltu
379 699 516 796 propris
541 701 660 788 vertit,
684 699 777 772 node
802 697 841 772 in
866 695 1021 794 Niphal,
1045 703 1138 791 lpas,
1167 626 1430 794 areffutirnisest

408 795 528 886 notio,
556 792 655 892 quali
671 793 824 870 versatio
854 791 1021 870 stomachi
1046 797 1256 873 nauseantis
1282 815 1317 867 et
1337 811 1425 867 aver·

410 887 535 983 santis,
560 911 602 964 ac
625 889 825 986 respuentis
847 911 1067 967 annueretur.
1261 891 1361 964 Torn.
1383 885 1407 956 Ι.
1444 891 1492 965 457

305 1005 373 1064 ιη
397 987 573 1085 originem
597 985 637 1060 in
660 983 829 1156 'dmm‘
853 1007 896 1060 ac
910 988 1109 1064 revulsione
1129 989 1261 1068 habet:
1286 979 1426 1058 transier-

403 1081 517 1158 fertur
542 1081 666 1156 iodea
713 1105 768 1172 ot,
802 1080 901 1178 curius
930 1105 1013 1158 caro
1040 1087 1169 1162 vulfirn
1209 1080 1339 1159 resetta
1365 1071 1421 1162 est,

412 1200 482 1254 nec
505 1199 576 1254 non
601 1177 642 1251 ad
669 1196 859 1252 extremam
878 1175 929 1252 rei
946 1197 1101 1275 partem,
1128 1203 1198 1280 qua
1215 1178 1420 1254 resecaturus

404 1274 617 1361 absolvitur,
643 1274 798 1369 adeoque
813 1272 900 1347 hinc
916 1280 957 1348 ad
973 1273 1145 1352 summanr
1164 1276 1221 1350 rei
1240 1291 1376 1365 partem.
1392 1264 1427 1337 ll.
1441 1259 1489 1338 nd

309 1393 364 1462 ra
388 1371 533 1469 proprie
552 1367 643 1444 dicit
657 1370 826 1441 adtrahere
844 1369 956 1466 adst,
981 1393 1019 1444 et
1034 1375 1151 1450 trattu
1174 1370 1363 1468 obsorbere,
1382 1361 1427 1444 in

405 1467 450 1544 de
473 1463 687 1553 abstrahere,
713 1462 891 1560 separare,
914 1487 1065 1542 vacuum
1091 1470 1231 1545 faeere.
1280 1464 1375 1540 Hinc

311 1585 446 1652 manao,
472 1561 565 1662 quod
590 1563 633 1634 de
661 1561 779 1654 templi
812 1558 978 1634 strudtura
1012 1565 1229 1651 adhibetur,
1263 1549 1425 1635 interstiti-

405 1682 465 1734 urn
500 1655 660 1756 aliquod,
685 1656 805 1732 domui
831 1656 1044 1732 extrinsecus
1076 1663 1268 1747 relietum,
1300 1648 1425 1728 medinm

411 1755 551 1852 aliquod
582 1775 732 1830 vacuum
773 1752 867 1828 inter
900 1755 1049 1828 tabulata
1072 1778 1113 1830 ac
1139 1756 1298 1854 parietes
1322 1757 1423 1820 notat:

408 1851 554 1952 proprie
578 1851 839 1947 srrbtrnlliones,
866 1867 902 1922 et
929 1849 1029 1940 inde,
1063 1855 1310 1948 separationes
1330 1865 1348 1915 a
1369 1857 1420 1932 ps·

412 1949 559 2022 rictibus
579 1947 686 2018 aedis.
721 1947 850 2018 Graeci
869 1945 1079 2039 interpretes
1096 1971 1228 2022 vocern
1246 1940 1339 2015 reete
1354 1949 1420 2006 ver·

406 2057 527 2116 terunt
550 2059 612 2128 per
637 2043 788 2130 stampe.
836 2041 924 2111 Sunt
951 2043 1070 2138 itaque
1095 2045 1178 2122 loca
1204 2040 1318 2128 vatia,
1341 2029 1420 2123 seps·

409 2135 494 2226 tim,
517 2130 657 2224 reliela,
680 2151 719 2206 et
741 2131 832 2231 quali
857 2133 1030 2234 absorpta.

890 2311 938 2403 Ἰ.

310 2487 370 2576 {aa
391 2465 535 2552 subinde
557 2486 659 2544 notat
682 2467 827 2568 inficliofi
852 2492 922 2542 cum
939 2473 1045 2570 aliquo
1063 2477 1166 2573 loqui,
1194 2475 1264 2554 live
1285 2465 1324 2546 ad
1345 2457 1414 2534 stffl‘

409 2569 516 2648 endas
541 2565 606 2662 ipsi
632 2565 790 2657 infidias,
817 2557 926 2641 immo
952 2589 1088 2649 necem.
1237 2629 1248 2649 .
1368 2554 1393 2626 L
1427 2529 1475 2626 4⁶4

454 2660 642 2740 Peculiaris
668 2687 804 2760 qnoque
837 2663 1002 2739 thematis
1034 2671 1110 2742 usus
1135 2671 1209 2762 est,
1244 2684 1309 2762 qt¹0
1332 2665 1406 2762 ΡΨ·

406 2779 465 2838 tur
492 2760 526 2834 τὲ
549 2761 632 2856 loqui
657 2763 694 2834 de
714 2781 814 2858 patr,
847 2759 985 2855 quando
1009 2785 1151 2856 pacem,
1187 2787 1224 2839 et
1251 2753 1412 2834 aminoen

407 2858 487 2960 quis
511 2858 641 2944 ambit,
666 2881 708 2930 ae
730 2856 775 2929 de
797 2877 839 2930 ea
865 2879 944 2928 curn
974 2859 1169 2935 adversario
1195 2851 1328 2933 differis.
1398 2832 1469 2943 ¹54²

395 2979 401 2987 ’
471 2955 587 3026 Notat
632 2975 772 3049 quoque
818 2958 1058 3048 aenigmaticas
1096 2957 1295 3056 quaestiones
1329 2939 1402 3016 adim

330 3047 578 3147 ,solvendas
601 3071 814 3146 proponere.
942 3104 951 3123 .
1100 3105 1111 3126 .
1263 3104 1272 3123 .
1367 3023 1400 3098 fl·
1433 3019 1465 3099 37

309 3169 367 3231 test
388 3151 539 3232 uerbum,
575 3143 671 3217 usum
703 3144 875 3218 forensem
899 3166 1039 3242 quoque
1065 3141 1193 3240 habet,
1219 3166 1256 3220 et
1278 3161 1333 3216 cau
1348 3145 1403 3204 um,

409 3239 688 3338 disceptationem,
723 3239 806 3314 dum
831 3259 912 3311 curn
936 3241 1046 3320 altero
1070 3244 1263 3346 litigamus,
1287 3217 1411 3334 quffldffi

328 3423 331 3431 .
412 3361 481 3431 que
505 3333 680 3431 exprimit.
806 3390 816 3407 .
943 3390 952 3409 .
1099 3396 1109 3415 ,
1256 3395 1266 3416 ,
1364 3315 1386 3388 l·
1423 3305 1471 3386 539

310 3457 375 3536 par
390 3430 756 3534 sarnum-sanonum
797 3430 833 3503 in
870 3431 956 3505 aede
989 3434 1059 3510 Dei
1098 3455 1219 3528 norat,
1259 3408 1405 3515 HlERQ·

406 3525 563 3606 usuro
587 3527 791 3612 suenorum,
818 3547 1017 3628 tumtum
1043 3535 1121 3630 qua
1149 3535 1243 3608 neus
1265 3505 1420 3668 renaudiL
1435 3587 1464 3647 Μ

411 3627 542 3703 entiam
559 3623 652 3722 quast
669 3623 769 3698 dabat
784 3625 966 3714 Pontifici,
993 3647 1029 3700 et
1046 3634 1181 3706 oracula
1200 3619 1359 3704 fundebat·

311 3729 389 3804 roro
412 3723 587 3860 desortqm,
613 3725 696 3800 loct
714 3722 893 3822 patentia,
919 3726 1079 3822 regiones
1104 3723 1320 3824 campestres,
1340 3681 1398 3802 pr(

1376 3763 1460 3862 celidon
