3098 4436
549 103 657 182 Serui.
680 101 783 208 W.
1209 131 1282 210 319

64 276 268 354 Reformata
291 275 403 354 sabino
425 274 476 354 est
499 279 650 360 alienior.
700 281 929 360 Accesserant
948 281 1123 362 violentae
1139 311 1276 386 oppug-

59 381 211 450 nationes
235 399 348 450 novae
370 376 568 468 dodttioae,
592 401 680 475 quae
703 379 813 478 tnagis
835 381 1011 480 magisque
1031 385 1276 481 proserpebat,

57 474 98 548 nd
128 495 203 547 eaor
238 474 558 561 exterminandam,
591 497 678 571 quae
703 479 825 573 primia
848 477 1045 552 oblodecim
1070 483 1172 576 regni
1200 481 1276 576 ejoa

60 571 169 660 annia,
188 571 341 643 maxime
355 590 480 644 eontra
496 570 692 646 Wielclitaa
707 593 744 647 et
760 573 956 661 Lollardor,
979 570 1158 649 institutae
1174 572 1274 668 sunt,

58 666 128 756 uti,
159 666 334 762 exemplit
358 665 555 763 produdiia,
586 669 712 765 probat
742 668 910 744 Burnetur
935 670 957 742 l.
985 671 1013 742 1.
1041 689 1078 742 et
1104 673 1150 743 ll.
1185 670 1273 752 Vid.

58 762 405 932 §illillilll‘
428 762 466 929 i?
488 762 1276 936 'lllllllllla‘lllllllllll·
1327 873 1330 880 ·

58 955 239 1038 faciebant.
290 879 528 1050 Praeteiqriaqm
560 957 652 1051 quod
685 883 944 1030 Wiclilitarum
969 978 1006 1030 er
1033 887 1274 1036 Lollardoiuiii

58 1051 215 1148 reliquiae
239 1070 305 1146 per
330 1068 443 1124 totum
466 1071 612 1148 regnum
636 1071 734 1126 etant
756 1051 906 1145 sparsae,
934 1073 1001 1127 nec
1023 1053 1177 1148 legibue,
1204 1077 1275 1131 nec

58 1146 244 1243 supplicia,
272 1143 532 1242 exstirpandae,
566 1169 597 1223 r.
626 1169 745 1222 moret
768 1148 983 1224 clericorum
1008 1165 1047 1221 et
1071 1150 1273 1224 Monacho·

59 1265 129 1317 mm
159 1259 263 1317 erant
294 1243 562 1340 corruptiffiml,
588 1261 626 1316 et
646 1243 684 1318 in
709 1243 868 1318 omnium
892 1244 1115 1319 incurrebant
1138 1247 1273 1322 oculor.

60 1339 135 1430 Quo
157 1340 265 1414 etiarn
290 1337 399 1430 facit,
432 1340 527 1433 qnod
560 1340 683 1413 bullam
706 1361 727 1414 a
751 1336 842 1435 Papa
871 1339 1052 1438 acceperit
1082 1341 1276 1418 Cardinalio

59 1435 171 1508 Volsei
193 1451 324 1510 contra
356 1434 567 1510 dominantia
598 1434 692 1510 Cleri
716 1433 820 1520 vitia,
854 1457 932 1509 cum
958 1431 1129 1530 potestate
1160 1437 1197 1510 in
1229 1461 1274 1515 ea

58 1531 294 1702 {iiiiii
317 1531 756 1702 illeillllflllli
776 1530 1274 1726 ,l‘ldllllll‘lllzz
1335 1609 1337 1614 ·

60 1743 93 1796 to
114 1723 426 1813 monasteriorum,
451 1742 535 1799 tnnc
558 1719 904 1820 corruptillimorum,
929 1719 1057 1796 sodium
1081 1719 1151 1796 est:
1184 1747 1275 1817 quae

60 1819 157 1894 etiam
184 1819 280 1918 julio
304 1818 413 1931 Regio
444 1837 638 1917 coeperunt
667 1836 732 1915 per
764 1813 902 1890 Wolsei
925 1815 1079 1906 aboleri,
1111 1837 1192 1924 ante
1215 1842 1274 1892 re·

60 1915 275 1995 sormationia
296 1913 407 1990 initia.
461 1938 493 1990 a.
519 1910 710 1990 inmunitas
732 1910 944 1986 elericorum
968 1935 988 1988 a
1014 1911 1150 1986 ‘udicito
1175 1913 1273 1988 secu·

63 2011 193 2105 larium
219 2034 310 2108 quae
331 2012 401 2109 jam
427 2009 577 2086 Henrici
600 2009 685 2086 Vll.
712 2027 873 2104 tempore
897 2004 996 2082 restri
1076 2011 1272 2086 motosde·

61 2107 167 2198 derat,
201 2111 394 2183 multorum
426 2106 559 2181 animoa
595 2107 629 2180 in
672 2129 734 2181 eoo
770 2103 1005 2181 exacerbavit.
1055 2128 1087 2200 3.
1113 2106 1270 2182 Multum

61 2225 136 2279 vtro
174 2205 248 2280 hoc
282 2203 505 2278 contulerunt
536 2199 806 2277 Protellantium
836 2200 938 2286 libri,
971 2220 992 2273 c
1022 2199 1207 2276 Germania
1230 2203 1270 2280 in

64 2302 215 2396 llngliam
261 2297 436 2390 transsati,
469 2317 508 2372 et
538 2300 691 2396 Angliee
720 2296 833 2382 versa,
869 2299 929 2391 qui
952 2297 1112 2371 omnium
1137 2297 1272 2373 animoa

63 2397 232 2474 ferierunt.
284 2398 325 2470 ln
359 2395 481 2493 primia
510 2394 624 2470 versio
658 2393 761 2469 Novi
795 2389 895 2468 Test.
925 2391 1145 2466 aGulielmo
1178 2393 1273 2468 Tin·

65 2496 150 2586 dalo,
173 2493 397 2568 Lutheranae
418 2490 596 2568 doiirinae
618 2488 792 2580 studioso,
817 2485 877 2585 qui
902 2511 921 2560 a
946 2488 1118 2562 nonnullis
1135 2487 1271 2585 Anglo·
1341 2585 1344 2594 Ι

65 2613 132 2664 tum
154 2587 325 2689 Apostolos
350 2609 566 2683 nuncupatos
590 2583 663 2677 est,
694 2603 732 2696 et
804 2581 875 2657 stea
903 2581 942 2656 iu
964 2582 1089 2682 Belgio
1113 2581 1269 2698 Antver·

67 2679 1272 2886 la:tatallllatla&stultia‘atlttttllflle

69 2897 195 2968 ornata,
221 2873 379 2952 brevibus
403 2875 527 2950 additio
551 2875 657 2948 notio.
709 2873 826 2970 Quae,
853 2873 1071 2964 Antverprae
1096 2871 1266 2961 rnprelia,

66 2973 96 3048 in
116 2974 272 3072 Angliam
298 2969 393 3048 missa
414 2969 464 3045 eli
488 2993 518 3045 a.
547 2977 677 3064 1526„
702 2968 787 3042 licet
808 2988 893 3040 mon
916 2977 1008 3040 com
1021 2966 1096 3040 aliia
1121 2964 1266 3044 Tindali

67 3069 150 3146 libris
169 3073 261 3146 bene
283 3069 400 3143 multia
422 3064 608 3164 prohibita.
831 3121 834 3131 .

107 3163 136 3280 i.
158 3163 361 3242 cccxxu.
392 3163 476 3263 Quo
505 3183 620 3236 rerum
651 3159 741 3262 statu
777 3155 954 3256 fingularis
993 3151 1119 3228 accidit
1148 3157 1267 3254 cason,

68 3281 121 3358 qur
148 3261 288 3338 domum
322 3261 430 3360 Regis
453 3257 677 3334 vehementer
701 3255 853 3333 turbauit
877 3277 908 3331 a.
937 3273 1065 3344 1527„
1091 3251 1182 3327 unde
1206 3277 1266 3329 oc.

70 3357 218 3434 calloet
238 3356 377 3434 initium
401 3352 660 3430 reformationis
682 3354 796 3451 repeti
823 3352 918 3427 solet.
966 3347 1172 3436 Catinarina,
1198 3351 1265 3427 filia

72 3449 287 3545 lerdinandi,
321 3450 431 3552 Regio
467 3447 684 3548 Hispaniae,
716 3469 753 3524 et
795 3446 892 3523 soror
932 3443 1052 3519 uxoria
1086 3443 1264 3538 Philippi,

74 3541 172 3628 Ducit
197 3548 431 3652 bargundiae,
454 3545 561 3630 amira
583 3543 697 3719 Cfiroli
722 3547 794 3642 V.,
821 3543 982 3644 nupserat
1008 3539 1266 3705 primumhArt·

643 3661 708 3735 ¹4
1182 3655 1264 3738 uro,
