3148 4434
336 213 416 308 438
730 201 881 308 Historia
903 199 1034 304 lassas.
1058 197 1175 306 siris.

342 403 485 468 munna.
526 387 569 462 Io
587 381 804 464 consessione
820 407 909 461 vero
923 383 1102 463 Faulkelio
1118 375 1298 480 oppono,
1323 373 1458 474 hoen,
1473 383 1513 482 ἰῇ

340 485 417 560 soor
442 485 623 574 Verbum,
648 483 706 556 seu
731 481 857 558 Filium
885 483 977 572 Dei,
1000 479 1063 580 effe
1088 495 1278 590 cmcrpson
1303 480 1340 551 is
1362 480 1513 570 Marino

339 579 403 677 affe
417 579 532 674 senar
556 605 597 656 ar
622 583 795 655 materians
817 579 1043 676 conceptionis.
1089 575 1157 651 Sed
1179 569 1265 650 iliud
1291 575 1460 650 commoda
1474 576 1513 650 rii·

365 697 409 749 ua
436 673 730 842 interpretatione
771 675 808 749 in
847 675 1025 750 meliorem
1068 691 1207 772 purtem
1247 668 1299 747 est
1336 672 1511 749 trahendus.

392 787 503 842 terum
553 793 617 844 aec
637 771 761 866 opinio
785 769 891 844 initio
925 793 996 844 non
1029 767 1145 868 viguit
1173 765 1273 842 inter
1303 766 1511 858 Memnona,

334 861 416 953 sed,
440 865 639 961 quaestione
663 867 829 962 deinceps
854 866 919 938 hnc
943 863 1048 940 dere
1074 884 1155 938 neto
1178 861 1356 950 Erubdne,
1378 865 1532 960 incertus}

336 959 431 1034 nude
455 982 493 1032 et
520 963 658 1057 aquo?
683 961 779 1035 sorte
803 982 822 1033 a
847 961 1048 1036 Melchiore
1070 960 1256 1049 Hosman·,
1282 957 1307 1032 ss
1330 979 1462 1056 unquun
1479 962 1511 1034 ibi

331 1053 427 1142 suit,
460 1077 491 1131 n.
521 1063 624 1148 1518.
652 1078 690 1130 ut
715 1059 859 1144 volunt,
890 1059 1091 1130 Leonrrdus
1115 1057 1293 1129 Bouwenr
1315 1077 1436 1129 novarn
1461 1055 1511 1150 opi·

333 1151 478 1224 nionenr
503 1151 680 1225 decernis
703 1155 839 1248 origine
864 1173 936 1225 non
962 1175 983 1226 e
1007 1155 1123 1226 Maria
1152 1151 1359 1248 adoptavit.
1382 1169 1414 1222 et
1431 1153 1532 1223 Mer-r

328 1245 417 1342 poni
444 1269 599 1342 quoque,
625 1267 704 1322 curn
729 1247 895 1321 Embdrrn
925 1269 958 1320 a.
985 1271 1088 1342 1543.
1121 1248 1294 1334 venisset,
1326 1247 1408 1323 lices
1432 1250 1510 1320 reue·

328 1339 422 1436 rausi
450 1340 575 1430 initio,
610 1359 644 1412 et
669 1365 760 1416 nova
785 1343 848 1414 hac
871 1341 1045 1438 opinione
1075 1345 1308 1438 perturbato,
1338 1339 1380 1418 aii
1403 1359 1509 1414 uatenur

328 1431 516 1529 persuasit,
543 1456 584 1508 ur
609 1457 721 1510 nrrrat
747 1459 812 1510 van
840 1437 1005 1532 Huysen,
1039 1441 1084 1511 de
1106 1455 1178 1510 orsa
1203 1453 1237 1510 es
1257 1456 1373 1532 progne
1397 1463 1415 1510 a
1436 1437 1509 1508 caa-

332 1525 559 1624 iaprilia'runr.
601 1531 831 1628 Praecipuum
858 1533 1036 1630 opinionis
1059 1531 1329 1606 fundamentum
1356 1532 1419 1622 en,
1439 1526 1506 1627 quod

324 1621 455 1699 Christi
478 1643 560 1699 caro
584 1623 698 1702 suisset
724 1647 870 1724 peccato
894 1629 1065 1717 obnoxia,
1092 1625 1117 1700 fi
1141 1649 1187 1701 ex
1211 1629 1410 1725 peceatrice
1428 1647 1503 1698 eune

322 1718 442 1832 suisset
477 1723 606 1812 sumta,
640 1735 801 1822 quodque
826 1724 1003 1820 generatio
1034 1744 1098 1818 per
1121 1720 1223 1798 soiius
1252 1724 1342 1813 uiri,
1367 1745 1428 1797 nnn
1449 1719 1501 1794 sue·

318 1820 463 1912 prinae,
490 1819 604 1892 sernen
631 1819 714 1912 fiat,
733 1825 823 1896 odeo
852 1840 889 1892 ut
906 1841 987 1894 erro
1002 1839 1075 1892 ooo
1089 1839 1132 1892 ez
1146 1819 1319 1910 muliere,
1343 1817 1396 1896 sed
1411 1822 1441 1890 ir
1458 1837 1499 1902 er,

321 1911 621 2008 srtproducenda.
1150 1935 1153 1944 ’

318 2012 327 2100 s
369 2003 402 2100 s.
428 2007 715 2080 CCCCXXXIX.
744 2031 775 2084 s.
801 2007 995 2084 Secundum
1022 2007 1496 2106 caputadsacrsmsntuniap·

317 2097 411 2194 tismr'
432 2101 598 2196 pertineo
650 2101 793 2177 Habent
818 2104 953 2201 quidem
980 2107 1223 2179 Mennonitue'
1242 2127 1323 2180 cunr
1346 2103 1493 2178 aiiiscon·

315 2215 444 2282 mune,
478 2197 571 2290 quod
604 2193 810 2272 sacramento
841 2199 986 2274 statuant
1011 2219 1146 2275 tanturn
1175 2201 1247 2275 effe
1277 2201 1388 2298 signa,
1407 2215 1437 2270 er
1453 2215 1492 2265 re·

313 2290 613 2388 praesentationes
645 2293 871 2389 symbolicas:
897 2294 954 2368 sed
987 2295 1125 2392 privum
1156 2317 1280 2370 eorum
1310 2299 1355 2368 do
1438 2285 1489 2374 ²11·

312 2385 480 2480 infantum
513 2387 722 2482 baptismum
754 2389 823 2462 eise
856 2391 1005 2480 nullum,
1038 2393 1144 2488 quin,
1172 2409 1211 2463 ut
1236 2390 1342 2464 conse
1377 2384 1486 2462 osani·

313 2475 414 2578 &elio
438 2479 592 2578 opposita
616 2483 742 2572 habet,
765 2489 890 2556 inanem
907 2485 1084 2578 sabasam,
1110 2486 1183 2559 irno
1208 2489 1429 2560 inmutationem
1444 2499 1484 2546 ss·

312 2577 420 2672 sinis,
452 2577 588 2674 abusam
621 2583 755 2651 nominis
791 2579 925 2670 Divisi,
958 2601 990 2656 ss
1014 2585 1227 2656 abominabile
1260 2583 1389 2665 idolum,
1408 2589 1484 2648 recl

312 2695 544 2767 campanarum
579 2673 735 2770 baptismo
765 2677 944 2770 diversans:
976 2694 1012 2750 ut
1044 2681 1184 2750 Menno
1217 2676 1257 2752 in
1289 2676 1372 2751 libro
1385 2667 1483 2764 fons*

309 2773 412 2862 prensi
435 2789 503 2840 non
527 2767 595 2842 fuit
619 2770 749 2843 ueritus
770 2771 898 2847 dicere.
950 2773 1127 2846 confeffio
1152 2793 1272 2846 autern
1297 2763 1482 2868 apudSchyn
1531 2775 1532 2788 ¹

243 2901 248 2910 ·
309 2861 498 2938 modestius
526 2885 562 2937 et
581 2864 781 2962 simpliciter
797 2885 919 2964 negot,
943 2867 1090 2961 infantes
1104 2865 1165 2962 effe
1180 2867 1391 2968 baptizandos
1423 2857 1479 2928 Rs·

309 2959 428 3034 tiones
449 2983 570 3033 eorunr
600 2983 721 3036 contra
752 2964 1069 3060 predobaptisnrum
1100 2965 1165 3036 hoe
1189 2962 1268 3038 sunt
1291 2967 1471 3060 praecipuae,

307 3059 344 3133 ἰ.
370 3055 463 3128 Ac'iu
494 3058 673 3130 credentes
703 3077 738 3129 et
771 3058 1005 3154 resipiscentes
1029 3058 1090 3131 snsi
1118 3059 1267 3150 debent,
1299 3074 1330 3130 et
1349 3051 1471 3144 septime

304 3151 466 3244 possunt,
493 3151 681 3244 baptizari,
714 3155 745 3223 b.
770 3153 1070 3246 Paedobaprismus
1104 3153 1155 3227 est
1180 3155 1311 3250 fignum
1330 3155 1473 3221 externum

297 3241 372 3338 fine
398 3268 430 3315 re
455 3243 561 3338 aliqua
579 3243 796 3342 fignificatn,
823 3249 1005 3322 seeundum
1022 3247 1268 3324 conseffionem
1283 3233 1469 3322 contrusae!-

304 3338 441 3415 keliunr.
494 3340 597 3434 Cujus
622 3341 883 3416 fundamentum
906 3343 976 3434 est,
1001 3345 1114 3442 quod,
1139 3343 1226 3417 ficut
1242 3346 1276 3420 in
1294 3328 1466 3441 niuosae

301 3433 375 3510 surn
410 3431 459 3508 est
498 3455 533 3504 er
565 3455 658 3508 reum
702 3435 831 3510 fassum
866 3459 992 3513 totum
1018 3462 1127 3536 genus
1159 3442 1352 3522 numanum,
1375 3444 1411 3498 ¹!¹
1433 3437 1464 3489 ¹⁰

300 3529 463 3618 Christo,
496 3549 549 3601 et*
576 3529 718 3606 foedere
762 3535 891 3630 gratiae
932 3561 1020 3610 curn.
1044 3537 1180 3611 Adamo
1216 3534 1345 3620 cresin,
1369 3535 1465 3594 ⁰1unes

244 3624 415 3758 ..etiam¹
447 3625 575 3726 posteri
607 3629 648 3706 ad
680 3629 842 3783 gratiam.
862 3632 943 3780 Deiu
968 3632 1099 3712 udmiffi
1127 3633 1199 3730 jem
1220 3629 1314 3721 fine,
1335 3621 1465 3784 pdirpmup
