3000 4800
185 687 263 779 156
574 681 725 785 Historia
743 682 870 787 Eccles.
895 674 1017 786 C'lsrill.

190 888 273 941 eum
305 855 496 971 Bononiam
528 858 616 937 ell'et
648 888 668 940 a
697 868 790 964 Papa
823 864 1044 959 transsatum,
1069 880 1108 940 et
1134 859 1196 939 alii
1216 850 1419 935 manauere

196 962 388 1044 Tridenut
409 980 477 1032 nec
502 977 574 1032 non
598 960 762 1035 camerae
785 962 1086 1039 constitutionem.
1135 960 1245 1033 Votis
1270 956 1342 1028 hac'
1358 950 1420 1024 lu·-

195 1079 263 1157 per
295 1078 333 1128 re
375 1051 510 1139 divisis,
554 1077 633 1130 carn
667 1057 898 1133 Ecclefiastici
930 1055 1198 1155 esepternviris
1221 1050 1420 1126 concilium

198 1151 349 1228 arserint
374 1147 447 1222 stne
471 1150 538 1222 ulla
563 1153 763 1228 conditione
785 1153 1063 1247 admittendum,
1094 1148 1281 1237 Palatinus,
1306 1148 1414 1218 Bran·
1476 1226 1482 1235 ³

199 1244 439 1341 deburgicus,
494 1264 530 1316 et
576 1248 768 1323 Mauritius
822 1248 915 1324 aliud
965 1247 1177 1336 voluerint,
1239 1243 1420 1328 liberum,

200 1342 301 1451 pium·
327 1361 363 1415 et
393 1338 647 1448 christianum,
681 1344 841 1418 recusato
868 1344 977 1436 Papa,
1011 1342 1137 1441 reliqui
1169 1337 1352 1433 Principes
1377 1350 1417 1439 et

202 1439 355 1517 Ordtnes
375 1437 568 1509 concilium
598 1442 796 1513 censuerint
818 1440 1089 1514 continuandum
1110 1434 1294 1523 Tridenti,
1319 1430 1422 1503 simul

199 1556 242 1609 ut
276 1527 527 1619 Protestantes,
561 1530 652 1606 salvo
677 1534 850 1610 conducio
880 1554 1045 1632 accepto,
1072 1534 1276 1620 audiantur,
1300 1528 1352 1600 sed
1378 1544 1418 1598 et

202 1642 346 1729 pareant
378 1626 535 1701 decretis
572 1629 727 1725 synodi:
770 1628 892 1706 Caesar
925 1630 962 1705 in
994 1629 1246 1706 submiffionem
1278 1644 1422 1722 quoque

202 1720 385 1812 decrevit,
410 1723 567 1821 nihilque
592 1748 666 1798 non·
685 1725 781 1825 egit,
806 1726 909 1801 minis
932 1729 1036 1801 etiam
1061 1745 1098 1799 et
1117 1719 1290 1799 blanditiis
1313 1719 1420 1806 usus,¹

200 1842 243 1897 ut
275 1819 449 1893 Palatinus
479 1836 514 1889 et
538 1819 724 1892 Mauritius
747 1821 784 1895 in
809 1843 885 1896 eam
908 1820 1167 1896 consentirent:
1191 1814 1283 1914 quod
1307 1814 1421 1886 etiarn

198 1913 364 1993 effessum
381 1909 444 1986 est.
478 1912 650 2004 Reliquae
667 1914 839 1991 Ciuitates
860 1938 906 1990 eo
920 1917 1113 2013 compulsae
1129 1913 1226 2002 sunt,
1251 1931 1290 1985 nt
1306 1908 1422 2007 scrip·

198 2028 241 2087 ro
264 2008 454 2094 declarent,
479 2007 603 2103 quibua
619 2011 880 2088 conditionibus
896 2013 1048 2107 probeot
1059 2009 1262 2087 concilium.
1310 2004 1422 2104 Quod

198 2104 326 2183 Caesar
344 2102 381 2177 in
405 2098 566 2177 favorem
588 2104 762 2204 adripuit,
786 2116 822 2181 et
844 2109 889 2182 de
911 2126 1028 2181 earum
1050 2105 1217 2181 consensu
1239 2102 1419 2197 interpre-

194 2220 296 2279 tatus
321 2198 384 2275 ell.
437 2197 516 2299 Qua
539 2202 674 2275 ratione
705 2227 786 2278 cum
809 2203 854 2278 de
883 2199 1159 2289 reformatione,
1188 2217 1225 2273 et
1260 2198 1421 2272 libertate

201 2295 387 2398 religionis
418 2297 532 2370 adium
567 2297 765 2391 videretur,
804 2322 937 2375 novum
971 2298 1022 2374 est
1054 2295 1228 2394 objediurn
1256 2289 1447 2367 obsiaco-¹

200 2395 293 2484 hunt,
320 2416 382 2487 per
407 2391 586 2465 diffensum
608 2396 657 2465 ‘de
681 2397 744 2466 luco
766 2391 1072 2489 coneilii3⁴i3uem
1098 2391 1219 2466 Caesar
1242 2411 1284 2461 ac
1307 2386 1416 2461 Ordi-

201 2512 265 2565 nes
289 2488 474 2559 voluerunt
497 2484 566 2558 elle
594 2486 821 2575 Tridentum,
851 2485 909 2558 sed
939 2490 1028 2586 Papa
1055 2510 1134 2561 curn
1158 2483 1322 2584 synodo,
1343 2484 1421 2580 jana

200 2605 269 2657 eon
295 2595 414 2674 tegata
437 2579 634 2666 Bononiae,
658 2603 733 2654 earn
758 2582 807 2652 ibi
831 2581 1029 2658 continuari
1049 2584 1245 2657 contendit.
1297 2578 1423 2676 Quare·

201 2606 438 2783 Gaeianou
464 2672 589 2768 Papam
615 2672 698 2748 inde
721 2673 920 2749 abstrahere
950 2702 1019 2752 non
1046 2680 1185 2775 potuit,
1226 2677 1333 2751 iratur
1353 2675 1420 2750 ali·

202 2794 257 2853 tm
280 2768 330 2845 eli
353 2765 525 2864 ingressus
549 2768 663 2857 viam,
708 2768 789 2844 lites
822 2770 955 2845 scilicet
987 2774 1159 2869 religionis
1183 2768 1422 2869 componendi·

253 2892 271 2944 r
304 2868 431 2943 librum
461 2863 618 2953 Interim
656 2883 694 2939 et
725 2889 788 2964 per
819 2865 953 2964 legatos
986 2868 1172 2945 solenniter
1214 2867 1265 2943 est
1295 2885 1418 2942 contra

199 2963 387 3141 lmynnodutn
409 2957 662 3034 Bononiensem
689 2959 918 3060 protestatus,
961 2988 1103 3061 eamque
1128 2963 1314 3039 declaravit
1341 2965 1420 3037 nul·

252 3156 284 3270 5.
310 3152 439 3229 CLIV.
475 3151 603 3226 Refert
626 3151 742 3250 itaque
765 3153 890 3229 Caesar
908 3154 948 3229 ad
973 3155 1141 3246 Comitia,
1177 3156 1308 3229 causam
1334 3175 1426 3229 con·

201 3252 279 3331 eilri
302 3249 341 3324 in
364 3246 522 3346 suspenso
545 3269 706 3340 manere,
740 3271 806 3323 nec
837 3253 936 3325 litem
963 3253 1053 3326 illam
1076 3253 1120 3320 de
1144 3251 1217 3342 ejus
1242 3253 1318 3319 loco
1342 3265 1417 3322 tarn

199 3350 280 3428 cito
300 3344 492 3420 finiendam
515 3341 604 3433 elle,
630 3366 709 3418 cunt
731 3345 822 3440 Papa
849 3349 889 3419 ad
914 3348 995 3422 illud
1014 3344 1226 3419 Tridentum·
1245 3362 1417 3413 revocan-

200 3447 288 3525 tium
309 3439 423 3515 minus
445 3439 611 3514 inclinare
638 3440 818 3514 videatur:
841 3444 925 3516 utile
950 3464 1035 3537 ergo
1057 3440 1144 3528 elie,
1168 3457 1207 3513 ut
1232 3437 1277 3510 de
1295 3437 1423 3510 medio·

200 3542 321 3639 aliquo
343 3535 603 3611 conciliationis
639 3535 868 3627 deliberetur,
909 3542 1002 3633 quod
1036 3538 1184 3627 iuterim,
1226 3535 1337 3608 donec
1362 3556 1424 3608 res

202 3640 246 3719 h
265 3630 422 3712 concilio
441 3630 548 3705 fuerit
565 3633 766 3718 terminata,
791 3633 925 3722 valeat,
965 3653 1002 3708 et
1034 3633 1072 3707 in
1108 3655 1177 3730 quo
1199 3627 1419 3707 consentiant

199 3753 335 3811 ornnes
391 3726 507 3825 Qaant
549 3726 728 3801 historiam
768 3726 960 3801 luculenter
993 3728 1171 3804 enarravit
1217 3725 1426 3803 Schmidius-

199 3828 239 3910 ln
261 3821 402 3901 historia
426 3821 672 3918 sntnimislica.
706 3819 819 3896 alecti
846 3823 961 3921 itaque
988 3823 1129 3900 suntad
1156 3823 1331 3910 libellum,
1356 3823 1423 3919 qui

202 3922 403 4009 dniirinae,
433 3916 726 4005 ceremoniarum,
764 3934 802 3990 et
831 3917 1083 3994 emendationis
1106 3941 1148 3994 ca
1173 3919 1223 3994 ita
1238 3917 1429 4012 continet,

203 4012 491 4104 eonlcribendum
518 4030 591 4088 tres
611 4012 681 4087 viri
707 4011 801 4087 dotti
816 4035 863 4091 ·et
887 4012 1082 4105 moderati,
1130 4018 1218 4088 nius
1241 4014 1420 4112 Pliugius.

201 4108 514 4229 incurremus
534 4107 835 4209 Nunburgeufir,
872 4109 990 4212 eicite
1011 4108 1104 4192 aas
1217 4110 1427 4287 ,slttficnaet

201 4242 208 4271 ⁸
270 4254 279 4277 ¹¹
778 4242 783 4251 ¹
1299 4226 1430 4299 omm,
