3128 4438
568 229 678 304 Serus.
705 227 805 306 XVI.
890 231 895 238 '
1220 251 1295 330 275

80 419 115 474 at
136 399 213 482 fidei
235 400 375 500 capita,
415 401 453 479 in
475 403 599 501 primia
629 428 716 504 quae
746 406 840 482 inter
865 404 1089 482 Lutheranoe
1110 426 1152 481 te
1174 405 1285 481 Zuin-¹

78 498 201 592 gliaoos
221 502 449 576 controversa
474 521 589 592 eraut,
633 503 782 578 dilucide
815 505 1070 598 explicarentur
1093 522 1132 576 et
1156 503 1284 576 defini·

78 615 207 762 qqqtur,
240 599 402 695 adeoque
432 596 614 673 uuisormir
648 599 804 674 dodirirta
835 619 898 694 pet
929 599 1098 673 Ecclesiae
1120 600 1282 696 persona·

120 785 147 882 q.
171 785 397 860 CCLXXlV.
429 789 578 866 Autorer
609 793 653 864 ab
683 789 844 865 Elesiore
878 787 919 861 ad
954 786 1026 862 hoc
1053 811 1140 885 opus
1164 783 1281 862 selecii

78 881 146 953 lunt
166 878 291 974 Caspar
315 883 524 972 Olevianus,
550 886 722 961 Professor
742 881 1067 978 Heidelbergensra,
1093 904 1130 958 et
1146 884 1281 957 Zacha-

77 975 136 1049 riar
157 977 319 1066 Urimur,
358 980 448 1051 colle
474 978 498 1051 ri
524 981 710 1076 sapientiae
740 982 869 1054 ibidem
893 978 1104 1072 praeseelus,
1136 979 1280 1053 Olevia·

76 1071 106 1143 ui
128 1069 297 1180 successor
319 1090 357 1180 et
380 1005 565 1165 profertor,
605 1078 663 1150 sed
690 1095 833 1172 uterque
853 1073 1023 1171 juvenilis
1046 1075 1198 1162 aetatis,¹
1216 1097 1283 1170 ang

77 1185 188 1240 norum
220 1183 349 1262 viginti
380 1168 438 1242 sex
464 1173 519 1242 vel
543 1172 674 1246 circum
708 1173 826 1262 circa,
858 1192 938 1242 cum
970 1167 1206 1242 catechismus
1229 1164 1280 1242 est

77 1259 261 1336 consessus.
297 1261 383 1338 Vid.
405 1264 578 1362 Kouigioa
599 1269 637 1341 in
661 1265 832 1342 Bibliotn,
852 1267 939 1341 Vet.
964 1285 1001 1338 et
1025 1263 1125 1338 Nov.
1176 1266 1281 1338 Uter,

75 1379 134 1452 que
158 1380 243 1431 vero
269 1359 413 1432 brevem
433 1361 616 1456 doetrinae
641 1357 1056 1458 Synoplineonscripstt,
1086 1359 1280 1434 Olevianut

74 1459 202 1548 quidem
227 1456 429 1548 popularem
460 1456 611 1532 soederir
645 1459 775 1556 gratiae
799 1456 1090 1544 declarationem,
1136 1452 1280 1530 Ursinus

75 1570 178 1622 autem
201 1549 378 1643 duplicem
397 1551 623 1626 concinnavit
648 1553 923 1639 catechismum,
947 1555 1102 1647 mojorem
1126 1551 1163 1624 in
1182 1547 1279 1623 usuro

77 1642 348 1738 provectiorum,
380 1665 417 1720 et
445 1654 595 1722 rumorem
628 1648 665 1720 in
690 1645 874 1720 'uniornm
927 1645 1085 1741 Uterque
1111 1647 1280 1740 adproba-

74 1761 119 1812 tur
141 1741 211 1828 eli,
255 1739 314 1814 sed
338 1763 361 1812 e
383 1742 574 1838 posteriore
599 1675 760 1816 contidla
790 1741 841 1815 est
874 1739 1008 1834 publica
1042 1739 1156 1814 nostra
1180 1743 1281 1812 Cate-

75 1837 192 1920 diesis,
220 1834 309 1908 telle
324 1838 523 1911 collatione.
572 1839 732 1934 Uterque
754 1837 792 1908 in
815 1833 978 1927 operibus
1001 1833 1118 1906 Ursini
1136 1856 1280 1927 compa·

76 1951 131 2003 ret.
164 1932 252 2005 Vid.
277 1930 445 2027 praefatio
467 1932 617 2020 editoris
641 1953 785 2030 operum
804 1927 920 2005 Ursini
947 1929 987 2000 ad
1011 1945 1097 2000 tom.
1122 1931 1151 2002 l.
1198 1930 1282 2001 l'ro·

79 2029 134 2098 diit
155 2050 251 2100 mox.
273 2029 398 2100 eodem
433 2050 526 2101 anno
546 2050 651 2122 1533·
676 2031 793 2122 lingua
813 2025 1038 2110 Germanica,
1076 2042 1113 2096 et
1138 2023 1280 2114 Latina,

78 2121 108 2196 in
130 2147 228 2219 quarn
251 2121 436 2196 conversus
458 2123 507 2195 est
534 2145 640 2217 opera
665 2124 790 2217 Josttae
816 2120 923 2217 Lagi,
948 2139 985 2192 et
1010 2119 1186 2194 Lambetti
1210 2123 1279 2194 Lu·

78 2221 185 2314 dolplri
212 2217 419 2313 Pitltopoei,
446 2220 505 2311 qui
531 2217 722 2292 Deventria
745 2236 889 2292 venetae
915 2214 1206 2310 Heidelbergarn‚
1241 2233 1279 2292 ut

78 2315 284 2411 paedagogio
316 2310 496 2406 praeesset.
543 2313 629 2402 Sed,
673 2332 855 2406 antequam
898 2310 936 2384 in
969 2310 1147 2405 publicum
1174 2334 1282 2384 verre-

77 2413 117 2482 rit
145 2406 394 2496 Catecltismnr,
436 2409 478 2480 ad
502 2409 714 2483 Facultatem
746 2404 1023 2500 l'heologicam,
1055 2407 1282 2500 Superiuten·

79 2509 211 2594 dentes,
235 2504 472 2598 inspectores,
498 2524 535 2576 et
553 2505 731 2598 primarios
745 2501 921 2576 ministros
944 2501 1092 2574 universi
1120 2504 1280 2576 Palatina·

81 2621 126 2672 tur
146 2601 208 2674 suit
232 2600 368 2688 milsur,
392 2597 617 2694 omniumque
641 2601 774 2673 calculo
798 2597 1025 2693 adprobatus,
1050 2620 1071 2670 a
1096 2619 1166 2692 quo
1190 2617 1280 2672 tem·

82 2717 156 2791 pure
181 2699 387 2771 innumerae
412 2695 485 2789 ejut
501 2692 609 2768 sanae
626 2696 701 2768 sunt
720 2692 912 2779 editiones,
937 2713 1059 2766 omnes
1081 2691 1277 2782 consonae,

82 2813 220 2885 excepta
242 2789 443 2886 quaestione
474 2806 511 2860 et
538 2789 754 2886 responsione
778 2785 995 2884 Osltgeſsrna,
1035 2788 1182 2883 quaein
1211 2787 1281 2883 pri·

82 2909 129 2960 ura
151 2885 357 2961 Germanica
382 2905 419 2956 et
442 2883 566 2958 Latina
589 2884 746 2960 editione
769 2883 942 2958 nonfuit.
995 2883 1063 2954 Sed
1098 2883 1135 2954 in
1161 2886 1281 2958 secun·

82 2985 119 3053 da
134 2983 301 3071 editione,
319 2978 604 3076 julsuEleeiuris,
619 2983 743 3054 eodem
758 3001 854 3056 anno
867 2977 1011 3064 inserta,
1039 2995 1195 3052 attamen
1213 2978 1281 3052 alia

82 3077 200 3164 sorma,
233 3101 335 3174 quam
369 3074 508 3170 postea,
540 3095 578 3149 et
610 3097 702 3150 nunc
728 3077 851 3160 habet,
891 3070 1017 3168 misiam
1050 3072 1208 3146 nimirum
1241 3072 1280 3147 in

84 3171 131 3248 illa
153 3172 304 3246 editione
326 3170 453 3244 dicitur
482 3177 515 3242 in
535 3169 751 3264 fundamento
777 3171 861 3244 nilril
892 3170 982 3240 alind
1012 3165 1094 3262 effa,
1127 3167 1284 3250 nisido-

86 3269 253 3341 lvlotriront
270 3273 512 3361 abnegationem
528 3272 617 3343 unici
627 3269 814 3364 sacrificii,
838 3261 1133 3364 rspoffionirJrsv
1152 3261 1281 3358 causti.

89 3365 223 3463 Quando
245 3385 363 3438 autern
387 3363 457 3458 legi
483 3365 665 3458 coeperit,
689 3385 727 3438 ut
752 3384 844 3438 nune
858 3361 928 3450 est,
953 3381 1022 3436 non
1041 3357 1194 3452 constat,
1220 3359 1281 3438 rlifi

88 3463 170 3628 quod
194 3483 261 3554 quo
285 3481 443 3551 tempore
463 3459 603 3552 Belgica
633 3457 764 3555 prodiit
787 3457 901 3532 editio
920 3479 965 3532 a.
990 3461 1096 3546 1567.
1122 3454 1188 3550 jam
1216 3477 1280 3565 ιιι-
1337 3533 1342 3540 ,

117 3553 220 3644 iterit,
243 3573 283 3628 ut
297 3557 350 3628 Cl.
366 3555 437 3628 Ena
454 3554 524 3651 jam
551 3554 773 3644 observavit,
798 3555 858 3652 qui
881 3550 1004 3629 etium·
1011 3552 1138 3654 liujus,
1160 3569 1196 3654 et
1214 3551 1284 3656 'sr-

80 3651 197 3820 garini
215 3647 472 3748 Cathechisrpi..
492 3673 516 3729 a
534 3651 751 3825 Bpllinffiq.
760 3669 809 3824 ⁸et
832 3651 954 3726 hone
972 3645 1285 3836 ἆιιιιιιιοιιιειιῢιξ
