3170 4430
287 225 361 320 496
520 211 525 220 ’
676 213 823 316 annona
844 215 970 318 Eccles.
997 215 1111 322 curin.

296 421 418 482 eorum
443 393 550 472 fatam
583 391 676 470 inter
706 397 799 496 ipsos
828 396 1074 475 Protestantea.
1123 393 1210 477 vid.
1235 417 1379 478 autores
1400 395 1492 480 citati.

296 499 482 594 Sylvanus,
507 511 713 602 praeceptor
737 495 889 593 primum
915 487 1087 571 Frederici
1105 495 1294 590 Eiestoria,
1320 518 1359 574 et
1376 501 1494 592 optime

168 665 185 676 ,
297 595 343 668 de
376 615 422 666 eo
452 611 616 680 mentua,
649 590 753 682 dein,
786 613 856 666 non
905 592 1042 682 uidem,
1068 595 1354 680 ucLubieniciua
1379 609 1499 682 narrat,

290 685 597 858 .Su¹5etintendena
622 615 944 784 Heidelbergenia,
976 689 1069 785 quod
1093 689 1261 765 refutavit
1283 692 1313 764 ia
1336 687 1500 765 Crozeiu

299 785 337 859 di
366 841 375 858 .
401 781 517 856 histor.
543 803 626 856 mox
651 780 819 873 citandis,
843 783 902 858 sed
923 783 1096 878 inspector
1119 784 1429 884 Ludenburgicus,
1459 784 1502 858 A·

297 878 452 954 tianismi
483 879 639 952 occultus
676 875 792 952 fautor
832 897 868 952 et
899 899 1105 980 promotor,
1135 901 1207 956 non
1240 883 1319 959 idoo
1350 883 1500 970 mutum,

300 973 359 1050 sed
390 994 450 1064 et,
482 992 521 1049 ut
553 972 657 1047 tradit
690 973 944 1050 Hoornbekiut
974 975 1196 1070 inadparatu
1216 983 1261 1052 ad
1280 974 1503 1068 taatrmrfiat

299 1073 492 1160 Sotiatium,
526 1071 572 1143 ob
605 1069 896 1166 perduellionem,
928 1086 965 1142 et
989 1074 1204 1168 propofitum
1228 1076 1271 1149 ad
1296 1075 1431 1147 Turcaa
1451 1074 1502 1144 ab·

303 1166 430 1259 eundi,
456 1165 574 1262 utique
599 1163 785 1260 instigante
801 1165 1042 1240 MaxImiliano
1062 1173 1099 1241 iu
1116 1191 1292 1242 carcerem
1308 1167 1501 1264 conjefiint,

292 1283 340 1340 ct
365 1263 549 1338 secundum
578 1263 783 1336 Hoarnbek.
808 1262 923 1346 canite
948 1262 1144 1349 muletatus,
1171 1262 1357 1338 secundum
1383 1263 1500 1336 Lubio·
1551 1291 1552 1346 t

289 1357 429 1434 niciam
457 1359 559 1430 vivus
588 1357 804 1443 combustus,
830 1355 900 1442 est,
927 1377 1085 1451 ²·1572·
1134 1359 1232 1434 Prius
1248 1361 1431 1434 confirmat
1448 1356 1499 1431 nl·

173 1512 177 1522 .
301 1454 389 1544 ting.
422 1453 456 1522 in
489 1449 565 1522 hist.
598 1451 823 1544 Palatinatus,
849 1472 885 1524 ct
909 1453 1020 1524 verius
1044 1451 1105 1527 est.
1153 1455 1301 1528 Adamas
1324 1453 1496 1552 Nauserus,
1551 1477 1552 1536 1

301 1549 418 1626 Pastor
449 1541 770 1640 Heidelbergensts,
804 1567 869 1618 una
903 1569 982 1618 cum
1019 1550 1171 1646 Sylvano
1196 1557 1316 1624 eadem
1343 1552 1388 1624 de
1411 1549 1496 1622 causa

299 1641 555 1726 incarceratus,
580 1639 657 1736 post
681 1639 826 1736 aliquam
851 1643 886 1714 in
912 1643 998 1714 duro
1020 1665 1159 1718 carcere
1183 1670 1332 1724 moram.
1359 1643 1495 1718 mirabili

289 1738 412 1813 ruodo
436 1737 616 1826 liberatur,
643 1757 679 1812 ut
699 1761 742 1811 ex
767 1739 935 1810 Budzinio
961 1737 1068 1812 refert
1092 1741 1338 1831 Labienicius,
1365 1740 1495 1814 Galliam

290 1855 339 1916 ,et
370 1835 522 1932 Belgium
558 1839 775 1930 peragravit,
811 1835 867 1908 sed
902 1835 1065 1929 nusquam
1094 1853 1207 1925 tutus,
1243 1837 1332 1909 odiis
1356 1855 1391 1910 et
1413 1833 1494 1910 bellic

302 1931 409 2008 sacris
442 1932 609 2022 flagrante
640 1935 744 2016 orbe,
771 1929 808 2002 in
836 1927 1011 2003 Poioniam
1033 1929 1154 2019 venit,
1177 1950 1215 2004 et
1238 1931 1406 2028 denique,
1428 1931 1494 2026 quia

292 2049 370 2100 mec
401 2025 452 2098 ibi
485 2023 619 2096 securus
650 2043 743 2107 erat,
776 2024 811 2095 in
849 2021 1154 2119 Transyivaniam,
1184 2026 1355 2123 indeque,
1383 2047 1491 2100 cuma

289 2115 448 2204 jcaesaris
476 2116 753 2208 exploratoribus
786 2116 848 2190 sabi
878 2119 1066 2212 periculum
1095 2120 1267 2194 inminere
1299 2120 1490 2206 rescivisset,
1551 2159 1552 2200 r

299 2211 430 2288 CPolin
458 2209 641 2304 confugit,
675 2229 711 2283 ut
739 2233 851 2286 narrat
875 2214 1121 2303 Labienicius,
1155 2217 1303 2307 addens,
1336 2219 1415 2291 aiiii
1434 2237 1492 2288 ant·

292 2309 407 2478 filius,
431 2307 509 2400 quod
521 2303 653 2401 sciam,
678 2308 716 2378 de
740 2306 805 2401 ipso
827 2311 988 2402 proditum
1004 2313 1061 2404 ast.
1111 2313 1179 2384 Sed
1200 2313 1491 2389 Hoornbekinatx

290 2477 297 2492 ,
326 2403 380 2478 ist.
412 2402 543 2478 Eccles.
576 2401 659 2476 ΜΠ.
684 2401 855 2497 Altingii,
880 2403 1011 2478 citante
1039 2405 1191 2480 Matefio
1214 2409 1375 2484 adversus
1397 2402 1492 2482 Dudi·
1551 2427 1552 2444 ¹

300 2500 436 2582 thium,
454 2516 585 2584 narrat,
604 2500 740 2572 eumad
759 2499 1153 2576 Muhammedanismum
1173 2501 1359 2592 deiecrffe,
1378 2503 1489 2593 suscep·
1551 2567 1552 2574 ,

298 2615 335 2670 ta
358 2592 643 2683 circumcisione,
677 2610 714 2663 et
746 2593 837 2666 inter
866 2593 1062 2669 horrendos
1091 2599 1261 2670 clamores
1294 2621 1335 2672 ac
1359 2597 1487 2695 mugitu

297 2690 421 2767 misere
449 2687 518 2764 effe
542 2703 734 2778 mortuum,
762 2689 811 2762 ita
834 2707 872 2761 ut
898 2689 1036 2763 Turcae
1059 2691 1244 2776 dixiffent,
1268 2695 1304 2784 se
1327 2691 1488 2768 talliatio-

298 2790 397 2864 minis
427 2786 1048 2955 ''flggh'ff'ssgwfflcfaquabiff'ff
1077 2794 1206 2956 {cicilio}
1225 2789 1360 2961 {itiiiie
1404 2792 1518 2952 Cebes·

297 2904 435 2956 tumre
476 2903 591 2954 rtru
683 2934 692 2953 .
782 2903 953 2954 annuam
1004 2904 1058 2954 a.
1110 2907 1421 2972 cce.aat1n.,a
1476 2928 1487 2949 ·

289 2978 409 3058 ifinck
434 3001 462 3052 a.
492 2985 597 3070 1718.
630 2981 667 3051 in
693 2978 804 3052 iucem
819 2907 940 3065 gedita,
966 2995 1010 3050 ex
1042 2977 1209 3053 relatione
1234 2977 1486 3080 Baronir'Weu·
1551 3001 1552 3012 ¹

295 3073 400 3152 cessai
423 3071 608 3162 Badowiz,
634 3072 691 3168 qui
716 3098 762 3148 eo
786 3073 883 3167 ipso,
907 3093 977 3169 quo
1000 3073 1177 3148 Neuseroa
1200 3076 1313 3166 obiit,
1334 3067 1479 3177 muniuit

289 3171 426 3260 ,CPoli,
458 3189 527 3262 quo
561 3168 738 3264 protenus
768 3169 881 3241 fuerat
904 3189 984 3238 cum
1009 3187 1148 3244 oratore
1173 3172 1361 3262 Caesareo,
1386 3185 1437 3264 qm
1452 3157 1483 3234 ld

290 3269 433 3340 auribus
456 3263 521 3335 suis
544 3287 563 3334 a
586 3263 749 3342 Neusero
772 3261 940 3356 audivisse
967 3260 1120 3341 testatur.
1379 3347 1383 3354 .

292 3437 297 3450 ¹
341 3359 374 3458 5.
400 3359 627 3432 CCCCXCH.
661 3355 828 3432 Constant
856 3378 893 3431 et
919 3360 984 3434 aiia
1014 3383 1059 3434 ex
1092 3361 1158 3436 hac
1187 3361 1339 3456 Attingii
1366 3352 1487 3434 historia

292 3457 338 3536 de
368 3455 527 3530 Neusero
552 3473 590 3526 et
612 3453 785 3546 sylvano,
819 3476 1013 3529 memoratu
1034 3456 1152 3553 digna.
1202 3481 1235 3533 r.
1260 3456 1448 3532 Neuserum
1469 3470 1487 3520 e

291 3551 419 3630 Suevis
442 3549 651 3626 Lutherania
678 3547 845 3624 transriffe
870 3549 911 3622 ad
935 3550 1123 3644 Palatinos,
1158 3573 1193 3631 2,
1218 3573 1336 3628 motus
1358 3573 1430 3625 cum
1449 3543 1489 3618 E·

291 3651 384 3738 tastu
414 3643 603 3728 concitaffe
637 3663 760 3726 contra
783 3645 1215 3750 excommunicationem„
1230 3643 1492 3824 fflscffiffi
1551 3683 1552 3696 ,

334 3805 337 3812 ⁴
956 3798 959 3807 ·
1126 3821 1133 3830 ,
1298 3765 1349 3822 ce
