3000 4800
220 640 314 719 uro
630 614 780 719 ffiflnlo
800 614 933 715 Eccles.
957 616 1076 743 clrijl.

220 798 432 883 sententiam
459 795 602 873 trndem
633 799 884 881 consenserunt
910 798 1130 897 Euangelici,
1159 818 1240 873 corn
1263 794 1464 899 Etrdlntni

219 902 311 976 dom
333 902 376 973 ab
399 920 440 971 ea
464 896 630 971 divellere
662 920 737 971 non
761 898 923 993 pollent,
955 918 991 973 et
1018 896 1090 1001 ipse
1111 891 1175 967 alia
1208 896 1375 971 nonnulla
1398 913 1460 969 re·

219 995 400 1073 mitteret.
460 990 605 1067 r'aetum
629 993 749 1090 itaque
772 992 823 1067 est
848 996 883 1068 io
910 994 1000 1069 hanc
1024 996 1169 1065 lormam
1188 992 1369 1067 decretum
1387 990 1460 1065 Co.

220 1092 377 1167 mitiale.
429 1111 461 1163 1.
486 1088 614 1163 Libera
643 1094 785 1187 utrique
801 1090 898 1259 parti
922 1090 1134 1185 relinquatur
1156 1088 1302 1181 religio,
1326 1107 1365 1161 et
1389 1088 1457 1162 bo.

226 1210 355 1263 norum
384 1207 427 1258 ac
455 1184 725 1281 privilegiorum
752 1210 799 1282 po
825 1182 931 1277 elliu,
956 1184 1025 1259 line
1047 1184 1112 1257 ulla
1133 1204 1193 1259 aut
1215 1186 1456 1287 damnatione,

220 1303 292 1357 ·aut
318 1279 521 1355 vexatione.
574 1302 607 1354 2.
631 1280 816 1378 Episcopi,
840 1301 899 1355 aot
923 1282 1021 1357 ollior
1036 1278 1182 1354 Ordinis
1197 1278 1455 1381 Ecclefiastici,

219 1376 438 1475 religionem
465 1394 658 1465 mutantes,
683 1401 703 1452 a
729 1400 891 1466 munere,
916 1376 1015 1461 bonit
1040 1392 1078 1449 et
1101 1373 1315 1472 privilegiis,
1342 1374 1458 1453 disce.

219 1482 338 1565 dant,
378 1493 415 1545 et
459 1472 517 1545 alii
549 1474 580 1545 le
606 1472 707 1545 itime
746 1472 1002 1547 substituantur.
1052 1493 1085 1566 3.
1111 1471 1262 1544 Ordines
1298 1474 1456 1575 loperii,

69 1566 73 1575 ’
220 1570 289 1667 qui
325 1563 561 1667 praefedluras
580 1498 840 1641 {eclesiasticae
861 1568 1012 1665 collegia
1034 1586 1071 1640 et
1096 1568 1189 1640 bont
1211 1566 1273 1639 sibi
1297 1572 1456 1649 vindica·

221 1686 333 1757 runt,
367 1688 407 1740 ea
436 1666 614 1737 retineant
645 1684 718 1737 tran
746 1663 825 1739 uille
851 1686 890 1737 et
920 1662 1085 1760 pacifice,
1124 1660 1194 1734 stne
1225 1664 1288 1737 olla
1311 1666 1457 1749 actione

218 1762 408 1837 camerae.
458 1784 493 1851 4.
520 1760 626 1832 Nulla
646 1688 960 1854 juridictionem
991 1778 1113 1834 contra
1135 1756 1368 1855 Euangelicoa
1392 1790 1458 1843 ex.

227 1878 394 1931 erceatut
411 1857 511 1931 causa
527 1853 730 1949 religionis,
756 1854 910 1947 rituum,
938 1872 974 1927 ct
998 1856 1169 1929 bonorum
1192 1855 1457 1939 Ecclesiastico·

219 1974 327 2029 uun:
374 1951 432 2024 sed
466 1952 503 2023 in
537 1950 668 2022 ceteris
699 1950 802 2023 rebor
830 1973 896 2046 pro
927 1972 1027 2022 more
1060 1950 1216 2022 obtineat
1243 1954 1456 2046 Jotrsdrcho,

227 2048 319 2127 Vrd.
345 2046 389 2121 de
423 2045 479 2121 his
511 2044 671 2119 omnibus
696 2044 872 2119 Sleidanoa
903 2044 926 2119 1.
952 2044 1015 2121 cit.
1062 2044 1131 2119 Sed
1159 2050 1346 2125 notandum
1382 2056 1459 2155 est,

225 2145 318 2221 naec
341 2141 457 2241 capita
486 2142 529 2216 ad
564 2142 668 2215 solam
698 2139 923 2216 Pontificiam
955 2162 990 2214 et
1017 2141 1249 2215 Lothetanam
1275 2147 1459 2239 pertinere

227 2240 468 2335 religionem,
508 2237 645 2333 reliquia
673 2237 836 2313 omnibus
869 2235 1024 2312 exclusis.
1072 2239 1234 2311 Ceterum
1260 2264 1455 2345 renovata,

223 2358 265 2413 et
291 2336 497 2411 confirmata
524 2336 691 2428 deinceps
716 2335 804 2407 haec
829 2357 895 2428 par
920 2332 971 2405 est
995 2336 1031 2408 in
1056 2331 1218 2407 comitiis
1244 2337 1456 2434 Augustani·

216 2458 260 2508 -ι,
291 2454 396 2521 1559.
420 2455 482 2523 per
508 2429 763 2509 Ferdinrndum
788 2428 964 2499 Caesarem
998 2427 1076 2521 post
1103 2429 1235 2503 obitum
1262 2432 1373 2509 Caroli
1399 2442 1453 2520 V,

221 2528 310 2603 Hae
336 2528 473 2599 ratione
501 2522 676 2612 transabiit
700 2519 918 2597 Pallaviensrs
943 2546 974 2599 r.
1004 2546 1131 2613 1552„
1156 2548 1361 2621 perpacem
1393 2559 1452 2612 re.

222 2617 384 2717 ligiosam
416 2638 581 2707 a.1555.
612 2621 830 2691 corroborata
860 2615 932 2709 est,
973 2638 1010 2691 et
1049 2617 1183 2714 rrceffus
1215 2624 1345 2718 luperii
1383 2651 1449 2706 no.

223 2738 310 2791 men
334 2712 492 2809 accepit,
516 2712 896 2809 confirmata'denique
920 2714 956 2788 io
983 2717 1142 2792 Comitiis
1159 2718 1368 2813 Augustalis
1385 2750 1450 2821 per

223 2810 503 2897 Ferdinandum,
548 2828 586 2881 ut
605 2807 694 2883 dixi.
754 2811 822 2884 Sed
856 2832 943 2904 quae
974 2835 1041 2905 par
1072 2833 1150 2885 com
1178 2810 1460 2903 Pontificiorum'

223 2909 358 3005 anagia,
383 2928 483 3003 quam
503 2903 768 2981 Protestantiurn
796 2905 992 2979 commodis
1019 2905 1175 2998 faveret,
1200 2907 1254 2982 his
1278 2915 1450 3017 deincep,

188 3004 362 3104 ¹rpleninr
390 3002 566 3097 provisum
607 2998 657 3073 est
696 3025 761 3097 per
798 3005 888 3097 potis
930 3002 1171 3098 Westplalnae
1206 3005 1450 3098 instrumentum

227 3124 260 3175 a.
287 3106 393 3189 1624.
419 3098 514 3171 Vid.²
530 3097 702 3169 Boehmer
726 3097 800 3171 diff.
828 3098 1059 3195 praeliminari
1080 3102 1159 3198 Jur.
1182 3101 1316 3185 Eccles.
1334 3111 1445 3190 1111,

220 3195 292 3293 qui
316 3194 395 3270 fata·
417 3193 588 3272 libertatis
611 3193 790 3268 restitutae
812 3193 907 3268 recle
930 3195 1085 3271 exhibet.
1268 3246 1271 3253 ·

546 3348 887 3491 annonarium
910 3383 1124 3461 superno.

218 3606 226 3643 r
271 3580 306 3679 §.
329 3578 488 3653 CLXIX.
536 3578 811 3655 Reformationia
848 3580 886 3654 in
932 3575 1119 3655 Germania
1160 3573 1332 3655 stabilitae
1373 3582 1445 3663 his·

219 3674 320 3753 ⁸toria¹
343 3672 488 3748 stridlim
512 3696 662 3765 narrata,
688 3678 732 3748 de
758 3678 843 3750 statu
869 3675 1094 3750 Ecclesrarom
1119 3674 1337 3771 Augustaoae
1359 3702 1445 3759 con·

217 3771 401 3860 felllonit,
436 3768 491 3843 seu
528 3758 831 3864 lutheranorum,
866 3794 904 3845 ut
936 3774 1170 3865 adpellantut,
1204 3771 1443 3871 hoctsecolo,

223 3867 394 3967 quaedam
420 3866 807 3961 subjungendaforent3
831 3868 890 3943 sed
904 3867 1015 3941 visum
1034 3866 1105 3958 est,
1129 3889 1212 3945 ante
1236 3868 1442 3968 reliquarum

217 3964 409 4060 regionum
447 3961 755 4053 reformationem,
787 3968 895 4040 etiam
928 3986 1063 4051 earum,
1096 3987 1180 4062 quae
1215 3965 1440 4045 Helveticam

215 4080 264 4142 ut
287 4056 532 4143 Geoeveolem
563 4056 815 4141 confessionem
846 4062 1074 4159 adoptarunt,
1106 4081 1310 4158 pertexere,
1334 4088 1438 4163 quam

1395 4161 1443 4243 de
