3170 4430
276 241 351 334 518
665 221 818 328 mpura
841 218 973 326 docies.
996 221 1112 332 Cirrifl.

330 411 364 508 ς.
388 408 511 486 Dxlt.
542 425 578 500 5.
603 401 781 482 Christum
815 427 883 503 pro
914 406 1072 574 peccetis
1103 399 1234 482 nostrir
1257 401 1328 483 eise
1351 403 1496 506 prison:

284 513 394 589 etiam
429 525 590 603 tanquam
624 505 788 579 tidinari
815 507 1037 598 pircrarent,
1070 501 1268 599 agnoscunt
1301 504 1494 581 irridet.

287 603 357 682 Sed
379 599 452 690 ita,
476 620 516 678 ut
539 623 572 678 a.
596 597 841 697 peccatoribus
866 599 931 674 hac
948 599 1087 674 ratione
1099 601 1159 694 jur
1174 600 1398 676 oertiiiimurn
1414 599 1495 673 fece·

283 701 333 776 rit
355 697 559 772 remiiironit
584 714 835 794 peccatorum,
860 711 897 769 et
917 693 1014 770 vitae
1039 711 1226 788 aeternae,
1249 697 1415 795 adeoque
1441 713 1501 766 non

283 795 424 872 dubium
450 793 571 868 fidem.
620 795 654 867 d.
680 793 816 866 Omner
838 807 1042 888 peccatores
1067 791 1110 865 ad
1135 790 1247 888 ipsurn
1266 794 1500 889 traherentur,

284 892 324 968 io
348 889 438 981 hoc,
467 909 505 964 et
530 910 593 987 per
618 890 711 964 hunc
734 889 865 978 solum,
892 906 1117 984 peccatorum
1143 889 1379 964 remiffionem
1407 909 1501 988 quar·

282 1007 411 1062 rentes.
438 1011 468 1062 c.
494 1004 531 1060 ut
554 988 651 1060 Deus
684 985 750 1059 hnc
784 984 922 1058 ratione
954 983 1143 1058 inmensam
1178 985 1270 1060 soem
1303 985 1500 1062 charitatem

285 1081 488 1158 horninibus
512 1079 715 1171 testaretur,
738 1095 775 1152 et
798 1102 858 1152 eos
881 1079 940 1152 srbi
957 1081 1095 1174 penitus
1110 1081 1331 1159 conciliaret.
1376 1085 1410 1157 d.
1438 1082 1500 1153 De·

287 1183 397 1276 nique
423 1177 515 1272 ipse,
548 1199 707 1269 tanquam
734 1174 927 1248 mercedem
954 1176 1120 1268 aliquam,
1152 1177 1329 1272 acciperet
1362 1175 1499 1275 potestt-

288 1295 361 1350 tem
388 1273 492 1346 dandi
528 1273 638 1346 vitant
672 1293 847 1345 aeternum
878 1271 1110 1344 credentibus.
1160 1296 1190 1344 t.
1226 1275 1375 1347 Addunt
1410 1295 1441 1344 c.
1472 1278 1497 1346 8·

288 1368 465 1444 Christum
493 1369 588 1438 reete
613 1368 680 1440 dici
706 1387 849 1450 peccota
874 1365 990 1437 nostra
1024 1367 1154 1454 tuiiffe,
1189 1389 1357 1463 quatenus
1388 1387 1497 1443 eorum

286 1463 386 1539 causa
412 1461 522 1557 paffns
546 1461 615 1549 est,
639 1482 676 1532 er
699 1461 744 1532 stc
770 1483 891 1531 corum
918 1460 1009 1555 quast
1035 1483 1183 1557 poenum
1205 1465 1373 1558 suscepit,
1397 1481 1434 1536 ut
1449 1479 1500 1532 not

287 1580 374 1632 vera
390 1579 510 1630 eorum
528 1579 643 1651 poena
661 1558 880 1645 exsolveret,
905 1555 1022 1628 omnir
1041 1577 1204 1649 peccata,
1230 1579 1265 1633 et
1284 1583 1405 1635 eoruru
1425 1579 1497 1652 poe·

287 1673 349 1728 nat
372 1676 391 1724 a
417 1651 517 1726 nobit
539 1652 740 1728 auferendo.
791 1651 944 1726 Tantum
971 1669 1117 1743 negant,
1151 1655 1328 1729 Christum
1359 1658 1495 1751 aequiro·

288 1751 391 1824 dtntts
418 1769 475 1846 pro
500 1755 644 1845 portatis
672 1745 787 1840 nostris
809 1765 928 1841 poenas
943 1747 1142 1842 persolviffr‚
1169 1769 1200 1822 tt
1220 1747 1494 1844 obedientiresurr

288 1851 399 1944 pretio
425 1849 674 1922 inobedientiam
700 1850 837 1932 nostram
856 1849 966 1918 erodit
982 1844 1202 1939 compensrffe.
1253 1850 1323 1922 Dei
1341 1842 1493 1922 acChris·

290 1945 322 2020 ri
355 1945 529 2016 mandatis
561 1943 815 2032 inmorigeror,
855 1941 888 2010 in
930 1938 1054 2012 ultimo
1090 1939 1227 2035 judicio
1268 1945 1490 2025 resuscitetur,

288 2037 413 2132 poenis
448 2035 518 2107 eise
551 2036 780 2121 adficiendos,
820 2055 881 2104 cos
916 2033 1066 2108 statuere
1098 2039 1256 2112 adfirmat
1304 2036 1490 2114 Benedictus

289 2129 530 2210 Wiffowrtiur
553 2131 590 2201 in
618 2149 700 2201 nota
731 2129 772 2201 ad
809 2129 887 2201 sect.
915 2131 1025 2205 .V111.
1075 2132 1233 2208 Addatur
1268 2137 1434 2230 postremo
1462 2152 1487 2221 7·

262 2225 500 2326 ¹baptismum
527 2224 635 2296 ritum
661 2221 730 2296 dici
755 2223 835 2297 ieci.
862 2224 930 2299 VI.
953 2247 986 2299 c.
1003 2223 1132 2322 semper
1157 2234 1192 2302 in
1219 2229 1369 2326 Eccirfio
1400 2225 1487 2326 obstr·
1549 2301 1550 2304 ,

290 2323 452 2404 randum
478 2319 535 2392 sed
559 2319 775 2416 adjungitur,
801 2341 860 2414 per
882 2317 1099 2412 immersionem
1119 2327 1332 2406 faciendum.
1549 2343 1550 2432 t

333 2417 373 2588 p.
400 2415 541 2489 DXili.
567 2419 655 2488 Cum
681 2415 753 2502 hir,
790 2416 939 2510 quaein
965 2419 1121 2492 medium
1144 2423 1254 2495 adtuli
1282 2427 1327 2496 de
1353 2417 1487 2499 strom*
1549 2493 1550 2500 ,

291 2514 330 2590 ni
346 2535 424 2598 mo,
450 2510 602 2584 conferri
629 2511 776 2584 omnino
803 2529 957 2582 meretur
986 2511 1137 2608 confeffio
1156 2519 1256 2612 fidei,
1291 2543 1395 2615 nuper
1415 2519 1480 2589 Cre·
1549 2539 1550 2628 p

290 2611 404 2686 farere
427 2604 606 2699 Maiestati
631 2608 673 2680 ab
693 2604 857 2682 Unitatiis
885 2605 923 2679 in
943 2607 1198 2705 Transylvania
1215 2617 1345 2706 oblata,
1368 2623 1483 2713 queret

289 2706 398 2781 MSS.
424 2704 465 2776 ad
490 2725 608 2776 manus
635 2725 728 2779 meas
755 2701 912 2792 pervenit
935 2703 1115 2800 abaliquo
1137 2711 1394 2796 eorum-socio,
1422 2701 1485 2802 pos·
1549 2753 1550 2764 κ

292 2807 353 2874 te'a
376 2799 480 2872 etiam
510 2799 601 2897 typis
618 2797 807 2896 expreiia,
833 2797 959 2896 digna,
983 2821 1093 2894 quae,
1118 2824 1198 2878 curn
1225 2808 1315 2882 clara
1335 2829 1367 2880 et
1387 2796 1482 2878 brevit
1549 2825 1550 2854 t

291 2897 355 2985 iit,
382 2893 443 2968 hic
466 2915 539 2969 tota
565 2897 755 2987 inseratur,
782 2919 862 2972 cum
886 2893 929 2968 ad
953 2893 1082 2990 justum
1110 2899 1155 2972 de
1183 2902 1355 2978 hodiernis
1379 2894 1481 2973 Unitt·

202 3089 207 3096 ι
293 2993 358 3076 riis
380 2990 561 3069 ferendum
585 2994 759 3091 judicium
782 2993 875 3074 forte
898 2989 1030 3091 aliquid
1054 2993 1217 3073 conferre
1243 3001 1347 3100 posit.
