3000 4800
131 695 201 774 rga
268 695 271 701 ·
521 669 671 757 Hiriort‘a
691 672 824 775 Eccits.
849 672 969 775 Christ.

138 853 230 930 tiunr
259 868 367 988 porro
392 844 514 926 itabuit
546 850 754 929 reformatio
787 849 1001 963 principatur
1035 851 1302 965 Hermurrpfetg
1315 851 1363 930 iu

141 952 357 1152 {tntis
386 947 1222 1156 dedatttdtrtatisssstdtitaitf
1247 966 1364 1119 itt

147 1162 231 1236 ceps
256 1137 468 1226 Guireimus,
493 1136 894 1238 anteasuperstttrnsur,
917 1159 958 1215 et
980 1137 1236 1213 reformationis
1254 1154 1364 1213 'acer-

51 1293 57 1305 .
150 1238 257 1336 rimus
290 1232 419 1321 hostia,
451 1234 493 1305 ad
524 1235 642 1328 purius
675 1233 895 1329 euangelium
925 1236 1088 1333 precibur
1119 1233 1265 1308 fiiiorurn
1292 1233 1371 1324 fuit

150 1327 356 1426 compulsus.
406 1325 513 1401 Filius
537 1349 653 1404 autem
676 1333 750 1430 ejua
776 1330 950 1429 Georgiur
971 1329 1153 1423 Ernestur,
1183 1328 1369 1429 Landgra-

152 1426 251 1501 vium
275 1421 460 1499 comitatus
489 1423 531 1497 ad
553 1424 693 1500 comitia
716 1423 933 1522 Augustam,
957 1427 1009 1501 ibi
1031 1423 1162 1501 semina
1185 1428 1257 1538 ejur
1274 1429 1369 1500 hau·

94 1535 95 1539 ‘
154 1521 263 1610 serat,
295 1517 402 1593 etad
433 1516 578 1605 fratrum
610 1519 1050 1597 coarctionem-muitum
1072 1520 1233 1596 conruit.
1284 1520 1371 1597 Vo-

157 1637 255 1692 catur
283 1613 336 1689 est
365 1613 406 1689 ad
430 1612 502 1687 hoc
526 1637 614 1710 opur
636 1613 884 1712 Wittenbcrga
906 1617 1084 1714 Johannea
1104 1614 1301 1706 Forsterur,
1325 1634 1373 1693 et

155 1714 295 1810 publica
321 1707 488 1784 confeiiio
520 1705 719 1785 introdudia
739 1734 772 1787 a.
802 1733 908 1805 1544.
951 1710 1115 1807 Denique
1143 1711 1310 1807 plenior,
1323 1729 1373 1787 et

156 1806 370 1895 accuratior,
395 1802 595 1879 reformatio
610 1804 762 1903 contigit
783 1805 912 1883 ditioni
931 1807 1150 1899 Latarucae,
1174 1804 1373 1904 in-Vnigt·

155 1904 286 1994 iandia,
310 1921 398 1998 quae
414 1896 488 1994 jam
513 1918 595 1976 aute
616 1900 737 1976 dacem
755 1922 868 1978 annor
888 1902 1083 2002 inceperat.

631 2092 760 2195 ANN·
787 2110 895 2187 1544

199 2281 235 2381 ς.
261 2283 405 2362 CXXX.
445 2285 717 2365 celeberrimam
746 2284 840 2362 hane
868 2304 994 2360 antrum
1020 2281 1179 2360 fecerunt
1211 2281 1369 2361 Comitia

157 2377 338 2474 Spirrnſsa,
362 2404 446 2456 rnox
469 2386 507 2458 in
534 2381 711 2478 principio
730 2381 866 2471 habita,
891 2381 1013 2476 quibus
1036 2381 1235 2476 Imperator,
1261 2380 1367 2452 Elec·-

158 2492 216 2548 tor
238 2475 430 2564 saxoniae,
454 2495 496 2548 et
515 2499 636 2549 omnen
653 2476 728 2564 aiii,
753 2475 1007 2563 interfuerunt,
1032 2498 1186 2571 quaeque
1210 2499 1287 2550 curn
1312 2473 1369 2547 in·
1404 2498 1408 2507 ·

158 2585 266 2678 gente
295 2568 485 2642 animorum
508 2569 549 2642 ad
573 2568 694 2664 pa'tem
717 2569 947 2667 propensione
970 2571 1194 2665 inceperunt,
1220 2569 1371 2644 Caesare

157 2681 196 2831 'i
222 2658 407 2831 iiiiii?
431 2663 1151 2855 {titiis‘atriffddddn‘rffi
1168 2665 1370 2834 ididia

158 2848 240 2949 plici
274 2851 423 2929 artificio
452 2857 556 2952 piena
589 2854 738 2931 fuerunt.
788 2857 1026 2949 Praeterquam
1058 2815 1150 2951 quod
1186 2856 1370 2929 decretum

162 2946 283 3024 fucato
313 2945 414 3042 stilo,
445 2950 505 3047 qui
539 2952 672 3027 Caesari
697 2951 765 3026 suit
788 2953 833 3026 ab
866 2973 1008 3048 utraque
1031 2968 1126 3044 parte
1150 2948 1368 3037 commiffua,

163 3041 276 3123 fuerin
296 3043 550 3138 conscriptum,
575 3048 663 3121 adeo
689 3067 727 3120 ut
754 3066 898 3144 utraque
922 3070 1001 3141 pare
1024 3049 1118 3118 suurn
1141 3047 1192 3120 ibi
1217 3046 1373 3140 reperiat

161 3136 319 3236 sensuam,
349 3139 469 3215 Caesar
497 3140 549 3215 ibi
579 3143 786 3232 declaratur,
813 3142 976 3241 quicquid
1001 3142 1033 3214 in
1059 3141 1205 3237 gratiam
1230 3139 1372 3215 Protes-

154 3232 306 3311 nantium
329 3235 557 3323 decerneret,
581 3237 661 3312 iliud
684 3237 799 3311 facere
819 3242 1071 3315 ratraarainorio
1092 3237 1197 3325 modo,
1224 3256 1263 3309 et
1285 3258 1372 3314 cum

163 3327 304 3407 excessu
345 3330 477 3424 quodam
508 3330 679 3428 potestatis
703 3333 807 3429 suae:
842 3359 911 3430 quo
940 3335 1017 3428 ipso
1047 3330 1250 3418 innonatur,
1283 3329 1373 3405 iliud

58 3464 61 3471 ⁴
164 3425 338 3505 Ordinum
376 3427 540 3502 adversae
576 3429 683 3524 partia
713 3428 981 3504 contradictioni
1020 3425 1111 3518 effe,
1142 3445 1299 3522 tempore
1330 3444 1371 3499 et

17 3582 21 3590 .
147 3510 243 3599 *inco
274 3522 480 3614 commodo,
513 3524 712 3623 subjeetum.
763 3526 929 3599 Continet
960 3542 1075 3598 autern
1099 3522 1277 3598 decretum
1302 3521 1374 3595 Co·

164 3615 298 3699 mitiaie
351 3637 383 3693 r.
415 3618 520 3693 Viam
557 3620 731 3713 generalia
761 3620 924 3710 concilii,
953 3616 1142 3692 Christiani
1174 3638 1212 3692 et
1248 3617 1373 3707 liberi,

72 3808 74 3813 Α
162 3712 203 3789 in
229 3712 416 3788 Germania
440 3711 612 3804 habendi,
638 3716 834 3789 tentandam
855 3715 944 3803 effe,
969 3713 1012 3787 ad
1029 3712 1198 3788 diffidinrn
1213 3730 1251 3787 et
1268 3713 1375 3788 schis-

165 3830 222 3911 ma
256 3808 457 3884 tollendum.
507 3831 540 3883 a.
573 3809 678 3910 Quod
705 3812 842 3907 quando
880 3807 1035 3886 obtineri
1064 3807 1166 3906 poffit
1204 3830 1285 3884 cum
1318 3809 1375 3887 in·

114 3922 120 3936 ·
166 3925 301 3982 certum
326 3903 387 3988 sit,
411 3902 557 3977 comitia
584 3907 751 4000 proximo
772 3924 957 3995 autumno,
983 3919 1086 4002 atque
1101 3904 1250 4003 hyeme,
1273 3927 1377 4000 prae·

165 3997 266 4099 sente
289 3998 451 4089 Caesare,
480 3993 551 4073 effe
572 3998 740 4077 habenda
791 4022 826 4097 3.
849 3998 1030 4078 Caesarem
1051 3997 1185 4075 interea
1208 3997 1377 4076 Christia-

152 4120 246 4271 narn
266 4093 423 4198 'aliquam
453 4091 742 4180 reformationem
769 4114 967 4259 curaturum
988 4094 1184 4206 conimibi,
1208 4095 1383 4270 ὶὲἃιέτιοε.
