3148 4434
312 253 384 328 394
695 225 843 328 Historia
865 228 994 330 Ecrsrs.
1021 227 1141 328 taust.

314 425 351 484 et
375 409 421 483 Pa
448 427 501 482 tm
525 427 714 484 vocaverat·
737 406 1015 498 Antichristum,
1049 405 1171 504 virgis.
1185 407 1303 484 caesus
1326 403 1406 494 est,
1423 420 1499 478 uota·

316 529 384 604 que
414 429 524 576 sionei
563 503 639 600 ejur
667 503 826 602 inpressu.
880 505 964 604 Qui.
982 503 1077 602 ipse,
1108 509 1154 576 de
1176 507 1251 579 zelo
1276 506 1337 578 suo
1362 498 1442 575 nihil
1457 521 1498 576 re,-

314 601 479 698 mittent,
495 622 526 671 a.
549 621 655 691 1524.
679 600 865 676 simulacris
882 621 981 674 extra
999 602 1117 674 urbem
1134 597 1268 692 frasiis,
1286 597 1364 696 posi
1381 619 1498 671 manum

315 695 472 769 dextram
495 717 732 790 amputatam,
757 718 794 770 et
811 697 950 773 brachia
964 698 1150 785 dilaniata,
1174 697 1250 794 igni
1267 695 1317 770 esi
1334 696 1497 768 absumus.

314 789 403 864 vid.
437 792 584 868 Scultet.
618 793 657 868 iu
694 795 821 872 Annei.
854 795 950 866 Luce
987 793 1138 902 purioris
1175 793 1358 868 doetrinae
1397 789 1497 862 uihiu·

312 887 426 960 miuue
456 887 568 983 magia
600 887 775 985 magisque
811 915 875 987 per
908 887 1052 962 Galltam
1083 887 1326 984 proserpente,
1360 889 1497 960 Clemens

311 981 400 1057 Vis.
427 985 534 1080 Papa,
560 1006 601 1058 ea
626 986 669 1058 de
694 1009 732 1058 re
755 1009 817 1079 per
837 982 997 1060 dloiliam
1020 1007 1165 1058 matrem
1185 981 1379 1068 Francisci,
1401 980 1498 1054 adsue

309 1079 464 1174 captivi,
489 1079 704 1169 admouitut,
730 1081 860 1154 litteris
879 1081 920 1153 ad
946 1080 1109 1154 Senatum
1140 1079 1361 1154 Pariliensem
1392 1095 1497 1150 eume

311 1171 421 1248 studio
445 1173 616 1250 haerefiotr
636 1177 874 1271 exstirpandae
897 1178 1072 1268 laudavit,
1104 1174 1203 1250 srmul
1232 1175 1374 1248 ulterius
1396 1172 1495 1246 incita·

311 1269 365 1346 vit
391 1295 421 1346 a.
449 1293 554 1362 1525.
602 1272 779 1346 Convenit
806 1296 944 1369 quoque
976 1275 1068 1344 iuter
1105 1271 1223 1364 Reges
1254 1270 1438 1364 Hispaniae
1465 1279 1494 1338 et

272 1397 276 1406 ¹
311 1366 445 1440 Galltae
467 1369 504 1440 iu
530 1365 768 1457 pacificatione
792 1367 1007 1452 Madritiaua
1031 1391 1050 1440 a
1091 1375 1217 1462 asad,
1243 1384 1281 1440 ut
1303 1365 1496 1440 Christianae

308 1459 489 1553 religionis
518 1460 651 1547 hoster,
675 1481 711 1542 et
724 1460 835 1560 sedai
854 1465 1060 1537 Lutiteraaue
1077 1467 1333 1556 exstirparentur
1354 1465 1491 1551 iaerrstr.

307 1557 414 1650 Cojm
436 1553 603 1628 effeslum
628 1556 720 1630 iuter
744 1557 825 1632 alios
848 1581 1016 1648 expertus
1040 1559 1091 1634 est
1109 1561 1292 1632 Luduuicus
1310 1561 1490 1654 Berquttrus,

304 1649 364 1724 vir
386 1648 557 1746 spoliatae
584 1649 620 1724 iu
642 1651 717 1726 attia
738 1654 908 1729 Francisci
929 1656 956 1728 i.
981 1653 1192 1742 autoritatis,
1218 1657 1299 1750 qui,
1327 1679 1404 1729 cum
1420 1651 1489 1723 mul·

305 1765 363 1820 tor
389 1744 466 1842 pior
490 1747 613 1834 libror,
647 1749 741 1822 iuter
772 1773 857 1846 quot
889 1770 963 1822 erat
1001 1749 1132 1822 Erasmi
1163 1751 1362 1824 enchiridion
1393 1748 1487 1821 militis
1557 1795 1558 1800 ,

305 1841 502 1942 Christiani,
530 1844 656 1920 Gallice
680 1867 749 1918 non
777 1868 906 1919 tanturn
924 1864 1095 1932 verteret,
1122 1847 1256 1933 sedet,
1284 1871 1354 1919 nott
1373 1843 1485 1918 obsian-
1557 1845 1558 1848 ’

303 1939 398 2016 tibur
430 1939 562 2014 Erasini
587 1960 625 2012 et
658 1941 784 2013 Budaei
811 1939 1125 2029 dehortationibus,
1149 1937 1183 2012 in
1210 1941 1415 2036 proseffione
1437 1960 1482 2008 ve·

301 2035 437 2123 ritatir,
474 2056 516 2108 ae
548 2034 825 2107 Sorbouistarum
862 2031 1115 2127 insedatione,
1159 2057 1340 2133 pergeret,
1381 2039 1486 2128 laqueo

298 2127 522 2225 praefocatus
546 2125 618 2214 est,
649 2147 687 2200 et
712 2148 885 2204 crematur
908 2131 1088 2220 Lutetiae,
1121 2131 1181 2224 pio
1205 2155 1243 2204 et
1269 2132 1436 2206 constante
1454 2148 1483 2194 a·

300 2221 422 2306 nimo,
454 2219 559 2294 instar
589 2221 665 2294 veri
700 2225 869 2320 martyris„
919 2227 1007 2300 Vid.
1039 2227 1149 2322 Epist.
1174 2227 1307 2302 Erasmi
1332 2229 1372 2300 ad
1395 2227 1479 2296 Caro·

298 2318 373 2394 ium
406 2313 645 2392 Utenirovium
678 2319 746 2414 vol.
774 2323 819 2396 ii.
856 2321 1084 2415 Epistoiarum
1109 2323 1262 2396 Erasmi:
1286 2345 1371 2422 quae
1393 2319 1477 2390 eriam

299 2414 384 2490 alibi
421 2411 544 2486 exstat.
599 2413 755 2488 Perdidit
793 2417 1021 2512 Berquinum,
1056 2417 1166 2512 iuquit
1197 2422 1304 2492 Corn.
1338 2411 1477 2509 Agricola

299 2507 403 2606 epist.
428 2510 446 2582 i.
475 2508 558 2582 vn.
585 2506 622 2578 in
645 2510 823 2588 Munatius
849 2529 879 2584 rt
910 2509 1082 2606 Tirersrgos
1109 2511 1239 2610 smpsex
1259 2518 1409 2596 sibertum
1428 2500 1473 2598 qli

299 2605 366 2701 ipsr
392 2603 499 2676 etiam
527 2599 648 2678 frustra
676 2607 746 2678 hoc
773 2604 967 2680 institutum
983 2607 1143 2682 dtli'uasrt.
1193 2611 1294 2705 Quae
1309 2601 1477 2704 persecutio

299 2722 337 2776 et
363 2698 449 2772 alios
476 2699 657 2792 progressu
681 2703 850 2795 temporie
878 2702 991 2786 feriit,
1016 2710 1066 2776 uti
1092 2725 1121 2775 a.
1153 2726 1278 2800 1531„
1308 2727 1372 2800 quo
1392 2693 1475 2770 multi

326 2795 350 2866 ii
376 2794 443 2868 viri
472 2793 641 2888 martyrio
662 2798 940 2871 eoronati'sunt
972 2799 1008 2872 in
1046 2799 1172 2889 Gallia,
1204 2805 1299 2873 inter
1322 2820 1399 2895 quoe
1418 2789 1473 2864 suit
1559 2811 1560 2862 l

296 2820 467 3000 ilieunae
495 2891 684 2986 Stephanus
717 2893 870 2981 Renier,
896 2895 1156 2982 Franciscanus,
1189 2897 1249 2991 qui
1270 2881 1472 2994 superstitioni

296 2985 367 3064 sese
390 3009 427 3058 ur
455 2982 606 3060 dioecesi
634 2987 827 3062 Viennensi
848 2989 957 3081 palam
983 2989 1203 3086 opposuerat.

347 3079 378 3177 s.
403 3081 644 3158 cccxcvii.
677 3084 801 3165 Crevit
834 3085 1056 3158 nihilomiuus
1087 3084 1309 3176 reformatio,
1338 3103 1370 3154 et
1386 3083 1467 3167 longe

295 3186 434 3274 iateque
465 3175 686 3252 disseminata
713 3177 785 3266 esi,
817 3181 919 3256 novit
942 3207 972 3256 a.
1002 3204 1095 3276 ¹532
1141 3183 1267 3256 erestir
1291 3171 1467 3278 seminariis,
1559 3225 1560 3232 κ

293 3271 467 3358 Aureliis,
492 3273 725 3368 Biturigibus,
750 3278 895 3369 ubiaper
920 3281 1031 3352 zelum
1049 3276 1201 3365 Caivini‚
1227 3277 1285 3374 qui
1302 3283 1469 3368 utroqueru
1559 3329 1560 3344 ,

291 3369 375 3446 ioco
393 3365 512 3439 studiir
534 3369 633 3442 dabat
651 3392 814 3463 operam,
840 3372 984 3446 muitum
1011 3375 1207 3448 confirmati
1232 3376 1250 3447 s
1248 3396 1310 3447 unt
1331 3373 1464 3464 reforma·
1559 3453 1560 3472 ἵ

292 3465 345 3555 ti,
376 3481 413 3538 et
437 3462 603 3551 Tolosae,
641 3487 747 3560 quae,
780 3489 858 3540 cum
892 3467 962 3562 ipsa
989 3471 1198 3562 Aquitania,
1238 3470 1324 3546 fidei
1345 3460 1465 3561 purione
1559 3473 1560 3478 ’

287 3558 568 3640 instaurationem
593 3557 668 3636 sere
689 3561 794 3636 debet
818 3564 912 3673 Julio
932 3564 1065 3640 Caesari
1089 3565 1289 3662 scaligero,
1314 3560 1391 3658 cujtt
1409 3549 1465 3620 ‘³0‘
1559 3553 1560 3596 ³

279 3678 344 3806 im
364 3657 507 3757 fidem,
545 3675 708 3760 tunquam
728 3657 906 3760 ltospttio,
955 3663 1162 3758 utebantur,
1192 3665 1337 3742 multum
1355 3661 1471 3826 ruffi}
