3000 4800
460 750 465 757 ·
543 699 662 783 >areat
688 701 790 787 Μ.
1240 690 1293 794 ἦ
1351 797 1354 803 Ι

57 877 242 958 heretico
273 878 497 972 traducatm,
537 879 621 957 dein
646 883 854 983 deprecamt
879 883 1172 984 competitionem
1197 890 1278 969 Ro·

57 1002 156 1070 mae,
185 978 283 1075 quod
300 976 438 1075 judicet
456 975 519 1052 libi
536 979 609 1053 dati
626 981 691 1056 srnt
708 983 907 1080 scripturae
928 982 1059 1081 ignari,
1078 1004 1116 1058 et
1140 987 1188 1061 sui
1213 990 1273 1064 ad·

60 1075 224 1165 versarii,
263 1077 425 1171 quodque
454 1097 521 1149 noc
548 1076 709 1174 corporis
741 1079 961 1169 imbecilius,
998 1098 1063 1153 aut
1087 1104 1272 1178 paupertaa

58 1173 129 1251 iter
152 1170 360 1270 permittat,
381 1169 534 1282 denique
556 1173 640 1248 illud
665 1172 707 1247 srt
728 1173 902 1265 intutum,
926 1196 1007 1248 cum
1030 1175 1167 1252 Rornae
1184 1182 1272 1261 olim

55 1270 212 1369 justitia,
238 1289 334 1341 nunc
351 1265 567 1359 homicidae,
586 1270 754 1349 habitent.
802 1269 965 1346 Tandem
981 1269 1016 1345 se
1032 1270 1201 1369 adpellare
1215 1277 1273 1350 in·

58 1371 173 1455 dicat,
206 1383 244 1436 et
268 1362 521 1457 subjectionem
543 1361 658 1456 suam,
692 1384 734 1439 ut
755 1385 874 1458 antea,
915 1364 1068 1464 repetit,
1103 1391 1174 1443 non
1205 1370 1272 1448 acsi

55 1464 100 1539 de
122 1460 280 1536 veritate
320 1457 501 1532 doetrinae
533 1461 612 1535 suae
633 1462 833 1553 dubitaret,
872 1463 973 1631 saepe
1005 1460 1097 1536 enim
1120 1464 1272 1542 declara·

59 1563 135 1648 rit,
169 1555 234 1630 fibi
259 1554 347 1629 nibil
370 1574 414 1626 ert
436 1552 613 1654 Scriptura
644 1559 779 1655 opponi
803 1555 900 1658 posse
939 1556 1042 1647 olidi,
1072 1557 1129 1632 sed
1155 1563 1270 1655 quod,

56 1658 186 1752 Papam
211 1649 390 1746 putaverit
413 1651 556 1726 veritati
577 1676 699 1728 manus
728 1656 798 1730 esse
823 1654 1082 1750 praebiturum,
1114 1654 1276 1754 adeoque

55 1747 316 1838 renuentium,
342 1745 377 1819 ei
400 1746 574 1839 debitam,
597 1769 638 1823 ut
659 1748 734 1846 ipse
758 1748 895 1840 scribit,
918 1747 1080 1829 servaret,

105 1847 139 1949 ς.
167 1845 232 1918 ΙΧ.
266 1843 380 1942 Quam
410 1863 499 1916 vana
530 1843 638 1919 suerit
660 1846 748 1919 haec
770 1845 866 1943 spes,
890 1842 999 1918 brevi
1023 1844 1201 1939 adparuit,
1233 1862 1275 1922 tt

57 1946 132 2045 ipse
157 1938 194 2014 in
208 1939 327 2012 reditu
343 1941 404 2048 suo
419 1937 616 2052 intellexit,
635 1947 829 2022 cumburc
845 1942 967 2038 Papale
984 1937 1025 2012 ad
1047 1941 1273 2033 Cajetanum,

60 2033 517 2230 iiffiaiiiiiiawddiia‘
539 2035 787 2225 iiiiii?
798 2037 981 2223 istst:
995 2037 1277 2206 tt‘tit‘tt‘ts

60 2233 140 2310 illud
168 2228 324 2320 diploma
347 2247 417 2298 oon
441 2248 460 2298 a
484 2225 594 2323 Papa,
628 2228 685 2301 sed
710 2227 920 2301 anebulone
942 2227 1113 2321 quodam,
1140 2228 1274 2301 dixerit
1376 2236 1378 2240 ‘

61 2324 259 2430 prosetlum
281 2320 373 2412 effe,
405 2323 461 2395 sed
493 2324 633 2396 accesit
657 2343 740 2394 mox
756 2345 888 2396 novum
907 2320 1058 2414 diploma
1077 2344 1143 2415 pro
1165 2324 1279 2395 indui·

61 2422 213 2525 gentiir,
244 2418 292 2490 de
315 2438 385 2514 quo
406 2414 537 2506 statim,
577 2440 647 2514 quo
670 2416 891 2492 exacerbatio
917 2417 992 2510 ejus
1011 2417 1147 2507 crevit,
1180 2416 1281 2492 srmul·

60 2522 135 2623 ipse
157 2512 350 2591 animosior
373 2531 495 2588 contra
518 2514 642 2609 Papam
676 2512 786 2588 sailus
809 2512 871 2587 est.
923 2512 1005 2612 Quo
1037 2511 1126 2585 haud
1152 2537 1278 2609 parum

63 2611 238 2701 contulit,
268 2608 361 2707 quod
386 2607 610 2700 Predericus,
641 2610 813 2685 saxoniae
846 2606 1009 2695 medior,
1035 2608 1204 2705 Princeps
1228 2611 1277 2684 sa·

61 2718 188 2815 piens,
220 2725 258 2779 et
281 2724 428 2802 potens,
452 2703 537 2777 licet
559 2706 651 2778 circa
677 2704 838 2801 reliquiar
860 2704 973 2778 adhuc
992 2702 1275 2800 superstitiosus,

65 2832 103 2888 ut
126 2802 249 2881 multia
273 2804 399 2897 probat
424 2799 659 2892 Seckendors,
684 2799 914 2897 patrocinium
931 2798 1005 2895 ejus
1028 2803 1070 2872 ab
1096 2800 1166 2873 hoc
1191 2821 1278 2875 tem·

63 2929 149 3007 pore
176 2896 384 2993 susceperit,
423 2897 568 2970 multum
601 2920 645 2970 eo
678 2897 855 2970 tribuente
887 2892 1045 2990 Georgio
1079 2894 1275 2989 spalatino,

64 2995 267 3080 Secretario
294 2990 474 3088 Principia.
525 2991 594 3066 Sed
618 2993 821 3088 Principem
854 2989 891 3064 io
921 2987 1042 3086 primis
1075 2992 1192 3064 movit
1226 2994 1281 3067 iu·

65 3109 221 3201 portuna
252 3088 443 3161 Cardinalio
467 3087 509 3162 ad
536 3111 618 3162 eum
647 3087 821 3185 epistola,
851 3106 938 3183 qua,
978 3082 1104 3158 additia
1144 3089 1288 3180 minito

65 3185 277 3297 postulavit,
302 3203 340 3257 ut
365 3183 577 3273 Lutherum,
600 3182 820 3259 manifestum
847 3181 1084 3268 haereticum,
1118 3181 1277 3275 deserat,
1340 3272 1341 3275 Ἴ

66 3314 134 3371 nec
159 3304 232 3359 oon
257 3279 403 3353 Lutheri
425 3278 591 3390 epistola,
626 3305 692 3378 qua
724 3279 787 3391 ipsr
814 3279 889 3353 ac'la
916 3301 993 3352 cum
1018 3274 1198 3353 cardinale
1220 3304 1282 3355 ex·

67 3383 207 3489 posuit,
233 3396 270 3449 et
287 3375 515 3470 patrocinium
532 3376 639 3472 petit;
664 3377 815 3471 dentque
830 3372 934 3471 ipsrur
950 3372 1164 3449 Academiae
1182 3376 1283 3451 Wit-

70 3472 310 3572 teobergcnsrs
337 3470 543 3548 interceffiu
595 3471 786 3564 Rescripsit
816 3472 933 3568 itaque
966 3467 1107 3542 Elector
1132 3469 1172 3543 ad
1199 3474 1283 3547 Cor·

68 3576 245 3659 dinalem,
284 3569 318 3641 se
340 3565 552 3663 inprobare,
586 3568 679 3664 quod
711 3568 780 3641 sola
813 3565 999 3640 autoritate
1040 3581 1077 3636 et
1112 3586 1284 3665 praecep.

71 3696 109 3751 to
133 3666 245 3745 suerit
271 3663 308 3739 in
334 3664 503 3760 colloquio
531 3685 610 3736 curn
636 3664 795 3738 Luthero
819 3661 954 3750 adium,
989 3676 1025 3732 et
1052 3660 1095 3732 ab
1127 3661 1203 3757 ipso
1228 3686 1286 3738 re·

94 3767 195 3845 uilita
217 3757 418 3834 retractatio
441 3755 609 3848 thefium,
635 3782 776 3857 quarum
802 3758 925 3831 salsitas
950 3778 1020 3828 non
1047 3776 1120 3827 erat
1140 3758 1287 3832 demon·
1405 3821 1408 3834 ,

71 3796 197 3942 arata:
228 3857 348 3944 addit,
375 3853 409 3927 se
437 3854 663 3931 Academiam
690 3856 771 3928 viro
796 3875 865 3927 tarn
903 3853 1009 3926 dublo
1039 3850 1179 3947 privare
1215 3867 1288 3929 nod

71 3961 181 4064 polie.
230 3952 310 4026 Hac
342 3951 479 4025 ratione
507 3950 675 4026 animatur
706 3952 882 4035 Luthcrus
913 3947 986 4021 aila
1013 3966 1093 4019 cum
1123 3949 1290 4043 Cajetand

72 4074 157 4136 mox
191 4050 227 4123 iu
262 4049 436 4146 publicam
468 4046 579 4121 emisrr
617 4051 749 4137 lucem,
793 4069 869 4121 cum
902 4044 1010 4117 libero
1035 4040 1293 4137 additamento,

72 4174 144 4257 quo
168 4148 244 4226 viro
266 4143 349 4221 lieri
373 4142 576 4243 scripturae
595 4144 630 4222 S.
653 4169 691 4322 ff
707 4147 883 4317 2Paparum
908 4139 1157 4231 decretalibus,
1177 4138 1297 4335 apii:
1368 4190 1416 4504 Ι
