3000 4800
123 675 182 754 ,16
512 666 662 772 Wfloria
683 669 814 775 Etclrs.
843 664 966 776 cirisi.

130 853 247 946 liant,
272 868 309 927 et
332 846 472 924 leorliur
497 848 613 942 edita,
639 869 674 924 et
694 877 788 951 oper.
811 839 1268 946 Lutheri'Latiu.tom.1‡,
1292 843 1357 928 ubi

131 954 246 1036 ,etiam
270 947 414 1047 epistola
438 948 703 1022 Melanchtonis
748 953 790 1026 ad
822 949 1130 1045 Oecolampadiurn
1163 951 1208 1023 de
1239 973 1281 1024 ea
1298 969 1360 1021 re·

130 1050 294 1147 peritur,
338 1043 424 1117 ficut
455 1042 550 1118 Petri
575 1046 752 1120 Mosellam
783 1049 824 1120 ad
840 1046 1038 1120 ,belialdum
1064 1046 1295 1122 Pirkamerum
1320 1044 1360 1119 iu

120 1144 337 1226 ‘Annalibus
369 1139 528 1213 Sculteti.
580 1144 760 1219 Commilli
783 1146 861 1217 sunt
887 1140 1281 1238 primo·Carololladiua
1318 1157 1358 1214 et

139 1241 284 1327 Eccim,
310 1260 457 1334 quorum
480 1237 534 1307 ille
560 1239 774 1330 modestum,
803 1258 838 1312 et
861 1237 936 1313 veri
951 1235 1157 1327 studiosum,
1181 1240 1361 1325 animum}

133 1336 307 1414 omnibus
340 1333 590 1428 comprobavit
622 1336 750 1424 modis,
782 1338 857 1424 iric,
890 1339 1157 1422 verodunum,
1184 1339 1274 1408 uultu
1299 1336 1363 1405 mi·

144 1437 257 1522 litori,
293 1453 333 1503 uc
355 1433 464 1515 truci,
489 1427 690 1523 histrionico,
715 1448 747 1503 et
772 1429 889 1526 inceffu
917 1429 1096 1524 inpetuoso,
1111 1429 1298 1526 fericulum
1325 1442 1364 1499 et

133 1534 302 1622 Gorgiam
326 1521 596 1613 demonstravit,
624 1546 661 1613 ut
686 1529 792 1602 habet
808 1528 1040 1615 haeserimus,
1066 1534 1125 1623 qui
1143 1527 1259 1611 addit,
1284 1545 1360 1596 eum

136 1624 296 1724 driffim
320 1620 482 1716 adserere,
518 1647 598 1716 quur
616 1623 717 1718 falso
736 1623 842 1717 sunt,
869 1644 906 1696 et
929 1619 1186 1721 inpudentifflme
1220 1643 1363 1718 negare,
1411 1627 1414 1630 ’

135 1749 223 1822 quur
245 1741 299 1815 pru
325 1722 415 1791 certo
434 1740 532 1808 reru,
560 1719 665 1811 idque
686 1743 768 1793 cum
794 1720 844 1794 sui
872 1717 1092 1815 juciarione.⁴
1203 1766 1205 1771 ,

139 1886 148 1910 ,
191 1819 222 1987 p.
248 1816 350 1890 XlV.
378 1813 596 1908 Disputatum
621 1817 788 1888 intereos
812 1815 883 1888 fuit
908 1816 954 1887 de
978 1817 1076 1888 libero
1094 1807 1252 1904 arbitrio,
1276 1833 1362 1885 num

137 1916 278 1992 scilcet
305 1912 435 1983 bouum
467 1931 553 2002 opus
580 1912 819 2004 proficiscatur
851 1909 1013 1984 adiviua
1039 1911 1168 2022 gratia,
1206 1928 1365 1983 unvero

146 2034 218 2086 non
252 2007 340 2081 nihil
375 2007 418 2075 de
451 2006 512 2076 luo
544 2029 682 2100 quoque
715 2005 873 2080 conferat
906 2007 1049 2080 humanu
1082 2006 1216 2082 arbitrii
1241 2001 1366 2078 actiui

140 2108 199 2185 uti
224 2098 459 2201 quaestionem
479 2100 645 2194 proponit
662 2102 893 2187 Mosellanua,
919 2101 1015 2197 prius
1033 2104 1150 2177 tenuit
1166 2096 1362 2176 Carolosta·

138 2204 248 2290 idida,
280 2194 453 2294 posterius
475 2196 615 2271 Ecciur.
668 2200 736 2273 Sed
762 2195 1018 2294 quaestionem,
1053 2216 1090 2271 et
1115 2193 1366 2295 disputationis

138 2300 319 2382 formam,
346 2291 449 2367 fustus
466 2311 503 2364 et
528 2294 664 2368 uberius
686 2294 833 2369 exhibet
858 2292 1084 2368 Seclrendorl.
1135 2290 1365 2391 Disputatum

141 2397 266 2491 itaque
291 2390 358 2460 luit
377 2391 422 2459 de
447 2389 544 2459 causa
564 2389 747 2482 principali
774 2389 942 2462 bonitatis
965 2389 1004 2462 iu
1021 2387 1217 2465 ailionibus
1242 2388 1367 2472 huma*

146 2491 224 2577 nis;
258 2484 452 2559 bonitatem
478 2505 566 2554 veto
595 2483 767 2558 intellexit
792 2483 1064 2573 Carololladius‚
1089 2506 1160 2560 non
1177 2503 1368 2584 quamcun-

145 2610 213 2680 que
242 2578 417 2676 physicam
445 2597 504 2648 aut
539 2578 702 2666 civilem,
743 2578 801 2651 sed
839 2600 926 2674 quae
960 2578 1168 2673 requiritur,
1210 2598 1250 2653 ut
1274 2600 1366 2672 opus

145 2684 229 2758 Deo
248 2679 400 2772 placeat,
425 2695 468 2742 ex
488 2673 558 2745 fide
576 2672 736 2748 salvifica.
770 2672 1022 2747 Carolostadius
1042 2677 1188 2771 gratiam
1208 2674 1279 2750 Dei
1296 2672 1366 2748 sta·

150 2777 222 2852 tuit
252 2769 320 2843 elle
354 2765 486 2841 causam
520 2769 749 2866 principalem
782 2768 1105 2866 independenteru,
1149 2773 1184 2846 vi
1219 2770 1365 2868 propria

147 2888 332 2968 agentem,
365 2883 402 2937 et
430 2865 570 2937 totalem
600 2866 713 2938 omnis
739 2865 824 2937 boni
855 2868 892 2938 in
918 2865 1082 2956 homine,
1114 2865 1256 2965 ejusque
1277 2886 1369 2961 couss·

148 2964 335 3048 versionis,
369 2984 386 3031 a
413 2960 509 3055 cujus
533 2962 652 3033 causae
685 2959 861 3034 consortio
891 2960 999 3034 homo
1033 2980 1124 3036 totus
1148 2983 1185 3038 et
1210 2961 1369 3037 totaliter

148 3058 287 3144 excludi
313 3056 450 3129 debeat.
485 3056 553 3128 Sed
578 3055 715 3130 admisit
737 3056 960 3128 nihilominus
986 3057 1141 3132 hominis
1166 3059 1270 3135 vireo
1285 3076 1367 3133 tan·

85 3207 89 3213 -
142 3183 251 3260 quam
275 3151 516 3240 instrumenta,
543 3172 579 3224 et
597 3152 675 3249 post
689 3171 870 3246 acceptam
889 3152 1055 3248 gratiam,
1082 3174 1120 3227 ut
1135 3155 1268 3228 causam
1284 3155 1368 3229 sub·

149 3256 359 3336 ordinatam,
386 3270 420 3319 et
439 3249 523 3321 ideo
539 3270 766 3343 operantem,
792 3258 843 3321 ita
867 3267 982 3321 tamen
1003 3270 1042 3322 ut
1057 3249 1147 3322 hanc
1171 3273 1369 3348 cooperan-

150 3348 185 3430 di
210 3349 284 3425 vim
311 3370 330 3418 a
358 3344 424 3417 sola
457 3342 567 3438 gratia
598 3344 742 3417 habeat:
774 3341 844 3416 effe
868 3343 985 3440 itaque
1010 3346 1223 3420 voluntatem
1247 3345 1366 3421 homi·

147 3452 202 3526 nis
218 3449 254 3521 in
272 3439 478 3536 operatione
499 3440 565 3512 Dei
582 3442 764 3533 passivam,
781 3437 915 3528 sedita,
942 3459 981 3511 ut
996 3443 1188 3537 capacitate
1203 3442 1243 3516 [ιι
1263 3463 1364 3540 prae·

151 3547 243 3628 dita,
269 3560 338 3611 nun
362 3535 560 3630 recipiendi
586 3558 718 3610 tanturn
743 3534 987 3632 operationem
1010 3538 1103 3628 Dei,
1128 3539 1186 3613 sed
1211 3557 1249 3611 et
1271 3562 1364 3650 quae

149 3641 277 3721 sentiat
302 3657 389 3726 opus
416 3630 610 3727 operantis,
643 3655 797 3728 quaeque
819 3628 974 3704 resistere
997 3635 1119 3729 polit,
1146 3654 1183 3707 et
1206 3634 1362 3731 demque

149 3751 296 3828 accepta
332 3729 444 3821 gratia
473 3747 508 3799 et
541 3727 696 3803 efficacia
720 3728 841 3801 divina
862 3723 983 3823 postea
1006 3730 1113 3805 etiam
1137 3751 1362 3826 cooperetur.

150 3840 191 3913 ln
220 3853 290 3926 quo
322 3824 442 3898 differt
475 3824 586 3896 homo
621 3849 639 3897 a
673 3825 784 3917 lapide
810 3844 847 3897 er
873 3841 1020 3916 trunco,
1054 3845 1090 3899 et
1113 3827 1205 3901 omni
1232 3825 1359 3901 instru-

33 3976 36 3980 1
149 3950 271 4008 mento
292 3920 495 3995 inanimato.
544 3920 707 4012 Negatur
733 3921 846 4018 itaque
874 3917 1003 4001 luerim
1022 3923 1169 4021 aptitudo
1189 3927 1295 3998 adina
1317 3924 1358 3997 in

149 4022 292 4107 homine
319 4014 395 4114 post
419 4018 566 4111 lapsum,
603 4019 660 4092 seu
689 4018 832 4090 facultas
855 4019 1039 4112 [κραταιὴ
1074 4043 1139 4115 qua
1166 4043 1211 4096 eu
1234 4017 1268 4092 [ε
1291 4042 1361 4130 po·

147 4124 215 4202 test
253 4112 517 4208 adprehendere
562 4115 712 4193 oblatam
748 4113 786 4191 iu
828 4117 942 4194 verbo
972 4114 1177 4216 praedicato
1198 4124 1363 4210 gratiam

750 4261 752 4263 ·
795 4251 801 4263 ·
1213 4229 1367 4300 convers
