3148 4434
552 95 556 104 ·
587 65 694 158 Secti.
717 66 818 144 XVI.
1240 87 1320 167 439!

53 275 199 334 nemo
235 243 474 350 posterorum,
515 245 626 338 rerba
663 241 741 320 sunt
780 241 1008 322 confeffinnir
1045 241 1138 341 rpud
1173 245 1314 342 Schyn,

49 353 236 452 respedu
258 347 357 441 iuius
379 344 612 436 restitutionis,
638 358 697 413 aut
717 345 872 437 peccati,
895 357 956 417 aut
980 347 1117 436 cuipas,
1141 365 1214 414 reus
1238 340 1316 437 nus·

56 471 203 536 catur.
257 441 360 518 Nihil
402 439 520 538 inque
548 435 598 510 est
633 436 671 510 in
704 437 915 528 infantibus,
947 461 1017 535 quo
1049 433 1199 512 rerniffio
1229 457 1317 533 pec·

67 565 256 622 catorum
289 536 525 635 fignificetnr,
558 531 615 608 cui
650 555 721 604 nou
761 535 837 606 suut
878 528 1036 608 obnoxii.
1086 533 1170 607 Vid.
1205 532 1313 612 etiam

17 725 19 730 ,
65 638 265 716 conieffio
297 653 424 709 contra
441 630 675 704 *Fauiireiium
728 651 756 702 t.
782 627 1088 724 Paednbsptiimus
1113 625 1165 702 est
1188 625 1311 702 huma·

14 787 18 794 r
66 761 184 814 nunt
205 733 409 818 inventum,
434 726 510 822 post
526 723 719 812 Christum,
744 721 953 818 Apostolos,
978 721 1177 820 primosque
1196 721 1316 796 Chris·

13 881 22 928 ς
68 835 231 918 manos,
254 851 324 902 non
348 825 412 900 uiii
437 825 503 896 sec.
530 821 616 910 lit,
651 817 902 893 introdutium.
952 819 1016 892 Ex'
1033 817 1097 890 hrc
1122 830 1230 915 porro
1255 838 1315 892 or·

12 979 22 1024 .-
64 947 165 1006 tutn
203 922 256 1000 est
290 920 486 1018 opinione,
523 913 615 1014 qnod
650 937 789 1002 omnes,
832 911 874 986 ad
909 912 1113 990 societatem
1150 911 1244 987 suam
1277 910 1313 985 se

9 1079 18 1122 7
69 1035 369 1106 convertentes,
401 1013 603 1110 baptizent,
638 1033 758 1106 parum
794 1027 956 1083 curantes
988 1029 1108 1082 eorum
1131 1006 1167 1082 in
1199 1006 1313 1083 infau-

7 1174 11 1218 :
71 1123 135 1198 tia
164 1116 402 1216 baptismum,
425 1108 553 1204 quippe
578 1128 642 1203 pro
666 1129 736 1180 non
760 1103 855 1178 irtio
879 1103 1064 1178 habentes.
1115 1102 1221 1176 Unde
1241 1103 1316 1177 col·

73 1209 556 1314 ligitut,„Arruiupti1iarum
587 1224 716 1276 nomen
747 1199 827 1296 ipfis
856 1218 927 1272 nou
959 1213 1185 1293 competere,
1210 1199 1313 1296 quis,

6 1311 7 1316 ‘
74 1336 132 1390 ex
160 1329 291 1386 corum
320 1303 511 1401 opinione,
535 1319 606 1372 nnn
632 1297 775 1370 iteratus
807 1291 994 1389 baptismus
1025 1291 1221 1390 legitimus,
1253 1293 1312 1369 sed

4 1400 14 1414 ⁴
74 1405 211 1510 prima
242 1403 324 1477 vice
352 1403 396 1472 ab
428 1397 508 1492 ipsis
530 1392 726 1482 confertur,
751 1389 814 1464 nisr
838 1391 940 1464 relate
964 1388 1008 1465 ad
1030 1410 1152 1462 eorum
1176 1387 1313 1464 senten·
1470 1453 1473 1458 .

4 1495 7 1512 ’
76 1507 203 1593 nam,
226 1498 288 1598 qui
305 1489 620 1592 paedobsptismum
645 1511 709 1582 pro
733 1485 889 1581 legitimo
903 1485 1049 1560 iubent.
1098 1483 1168 1581 lpfi
1191 1482 1312 1580 itaque
1366 1565 1369 1570 ,

1 1602 3 1669 ἶ
75 1603 165 1678 hoc
194 1616 347 1682 nomen,
370 1607 532 1683 tanquam
557 1583 737 1669 odiosum,
761 1602 828 1654 nec
853 1579 912 1654 fibi
936 1601 1154 1676 congruum,
1181 1577 1313 1654 studio·
1457 1623 1467 1640 .

78 1703 123 1775 se
163 1716 189 1767 a
213 1693 248 1771 sc
274 1703 479 1770 removent,
512 1697 548 1752 et
573 1673 818 1770 Catubaptrflat
845 1673 963 1770 potius
984 1674 1148 1769 adpellari
1175 1688 1314 1764 amant,

1 1794 2 1801 Ν
79 1809 263 1885 ²²¹¹qu
287 1764 1315 1950 “P‘iiffisissfflssii'ss‘iiiiiiiif²i¹2²ifflmb2pissieiii

1 2057 3 2063 ,
82 1891 674 2062 ffiffifg,ssu,21,s,fflm„„‚
698 1982 764 2034 nec
787 1918 852 2054 p'ro
876 1955 1088 2031 sacramento
1113 1881 1241 2030 dagbent
1253 1971 1316 2047 pt·

86 2082 277 2165 diluuium,
302 2071 387 2143 iicet
410 2063 505 2138 inter
530 2081 591 2132 eor
608 2057 694 2146 lint,
718 2051 777 2152 qui
792 2055 920 2150 pedum
940 2051 1108 2158 lotionem
1123 2049 1316 2126 admittunt

82 2143 1149 2353 »ruunt‘'surristunnt,uun
1166 2145 1317 2316 tritt

93 2371 405 2563 hugi-,ccccm
432 2469 464 2541 3.
489 2440 809 2526 Escnmmrsnicatn,
834 2436 892 2531 qui
918 2433 1040 2510 tertius
1062 2431 1111 2507 est
1127 2431 1314 2520 articulus,

99 2581 173 2639 mn
200 2556 274 2628 late
303 2544 394 2644 apud
419 2561 537 2616 omnes
568 2533 794 2610 Mennonitss
826 2531 1043 2617 extenditur,
1076 2546 1114 2602 ut
1145 2525 1261 2602 seclusi
1293 2549 1314 2603 c

104 2663 144 2736 S.
169 2655 295 2735 Creta,
322 2659 353 2714 et
378 2640 455 2714 uiiis
479 2637 654 2708 titionibus
678 2625 919 2723 Ecclrstastiris
943 2641 1119 2698 arceantur
1147 2647 1219 2696 non
1240 2643 1318 2696 tan·

105 2773 201 2838 rum,
234 2742 293 2818 sed
325 2754 363 2810 et
394 2734 537 2808 omnibus
566 2729 609 2799 ab
632 2728 776 2820 operibus
808 2724 908 2811 aliis,
931 2724 1044 2814 quibus
1068 2723 1101 2790 in
1117 2715 1236 2810 sacris'
1253 2715 1319 2788 nli·

112 2846 220 2942 quulis
244 2835 438 2919 communio,
454 2824 680 2933 fraternitas,
706 2835 763 2892 aut
779 2814 970 2912 spiritualis
995 2817 1169 2888 communio
1184 2811 1320 2920 fignifi-

111 2960 223 3026 estur,
254 2950 341 3026 quae
370 2921 595 3002 confeffionn
624 2917 714 3011 apud
745 2915 866 3009 Schyn
898 2911 1004 2984 verba
1037 2907 1131 2982 sunt:
1158 2911 1319 2996 additur,

114 3026 311 3116 offenfionir
333 3042 370 3098 et
392 3011 698 3096 contaminationis
721 3011 882 3082 vitandae
906 3025 992 3098 ergo
1018 3024 1096 3078 curn
1122 3007 1244 3076 talibus
1269 3025 1323 3075 eo·

117 3134 243 3216 rurdtrn
275 3120 476 3202 unionibus,
508 3111 616 3187 serbis
647 3123 679 3179 er
710 3106 876 3203 operibus,
903 3099 984 3173 nihii
1016 3098 1051 3171 se
1077 3101 1203 3172 habere
1231 3096 1320 3170 veile

121 3239 313 3310 commune.
358 3209 525 3289 Concinit
546 3203 691 3298 apologia
716 3196 940 3275 coniessionir
957 3213 1076 3270 contra
1091 3193 1320 3285 Faulkeliurn,

122 3325 195 3414 nbi,
221 3312 339 3392 officia
360 3325 397 3382 et
419 3325 527 3404 opera
551 3294 725 3374 chariratis
749 3317 862 3370 tamen
888 3314 959 3368 non
983 3293 1079 3380 tolli,
1096 3289 1322 3386 adjungitur,

123 3435 220 3502 utet
244 3402 446 3504 conjugium
470 3395 611 3496 quidem
636 3415 709 3468 non
734 3389 871 3487 rumpi,
904 3390 962 3463 sed
988 3387 1082 3461 usum
1107 3387 1325 3490 conjugalem
1443 3451 1448 3466 ,

125 3515 169 3602 ud
188 3525 324 3607 tenpus
342 3497 439 3580 reete
463 3491 603 3575 testate.
651 3485 789 3657 Y'e'mm
812 3487 905 3563 circu
930 3484 1120 3581 conjugum
1145 3483 1329 3580 separatio·

686 3603 722 3658 tl
745 3602 770 3674 4
1229 3591 1334 3664 nem,
