3000 4800
129 630 197 713 248
514 614 666 719 ffistorr'a
688 616 815 718 Eccles.
840 612 959 717 torm.

106 790 364 885 folomensis,
396 795 440 869 ab
465 794 612 893 aggaeo
634 798 790 891 Albada,
819 793 949 873 celebri
973 786 1040 869 isto
1061 786 1241 867 Ordiuuru
1266 804 1363 897 cun-

132 895 208 971 aliir
222 894 378 986 Legato,
402 891 505 965 editis
520 916 549 967 a.
572 900 678 982 1580.
712 894 803 983 Ubi,
825 892 915 967 iuter
927 887 1013 977 alia,
1036 886 1081 961 de
1096 904 1268 975 numero,
1290 902 1348 957 ru·

133 1011 185 1065 tra
208 1010 256 1078 50
280 1008 448 1061 annorum
474 987 642 1083 spatium,
664 988 881 1077 occisorum,
906 984 1069 1073 traditur,
1093 982 1348 1055 omanorum

132 1102 258 1161 tentum
289 1082 426 1157 millium
459 1079 588 1181 (quibos
611 1100 721 1159 rumen
750 1084 892 1159 nonnulli
918 1082 1050 1156 dimidio
1071 1078 1181 1173 ploret
1202 1076 1347 1169 ardut)
1372 1102 1384 1109 ··

132 1180 366 1255 trucidatorum
381 1178 490 1275 solius
507 1182 674 1273 religionis
696 1178 817 1277 torosa,
841 1174 953 1253 soille.
1002 1176 1144 1250 Praeter
1163 1172 1263 1271 plura
1278 1168 1347 1243 alia
1374 1176 1382 1183 '

131 1273 248 1351 edicta
272 1271 406 1369 prodiit
436 1297 543 1348 unum
573 1298 606 1352 a.
628 1281 756 1367 1546.,
788 1296 869 1350 cum
894 1272 1055 1369 catalogo
1078 1268 1347 1435 libr-⁰¹⁰2?

131 1368 345 1457 bibiturum,
371 1372 468 1444 inter
490 1392 577 1465 quor
600 1372 711 1467 plurer
741 1368 819 1443 suut
842 1366 1032 1443 Bibliorum
1059 1362 1236 1439 ediuouer
1315 1358 1345 1433 l·

158 1467 244 1539 cae.
288 1465 385 1536 luter
416 1484 587 1563 martyres
616 1465 802 1543 memorari
830 1482 984 1537 metetur
1007 1461 1156 1559 Jacobur
1179 1454 1346 1556 Lysuelt,
1380 1474 1389 1529 ··.·

132 1488 332 1656 liotiopola
356 1559 641 1652 Antverpienlir.
696 1560 754 1637 uia
779 1559 872 1635 notio
901 1556 1099 1641 addiderat,
1120 1552 1269 1649 solerent
1289 1550 1346 1655 sto·

133 1660 256 1735 minum
286 1669 415 1729 tontum
447 1654 507 1751 effe
537 1680 560 1727 a
592 1584 723 1754 cirillo.
778 1655 931 1731 Celebrir
961 1651 1023 1725 bic
1053 1648 1104 1724 est
1131 1648 1348 1745 bibliopola,
1385 1734 1389 1743 Ι

130 1750 317 1922 emo
327 1750 634 1919 tonino
642 1744 1351 1920 reinmundum
1379 1764 1389 1871 -ε

133 1944 175 2041 Ιἰιι
203 1942 315 2014 lucem
338 1900 525 2036 prodiit’a
555 1900 660 2031 155’0.
686 1938 841 2015 terribile
862 1938 1036 2028 edilium,
1061 1936 1155 2032 apud
1183 1934 1256 2009 Bor
1279 1936 1350 2011 ob·
1386 2016 1389 2023 ,

132 2036 236 2111 'vium
259 2052 344 2111 tom.
371 2035 423 2123 l.‚
457 2057 527 2131 quo
560 2035 631 2129 ipsa
656 2032 837 2147 inquisitio
864 2035 943 2108 satis
968 2035 1062 2107 clare
1085 2048 1123 2105 et
1147 2048 1271 2128 aperte
1293 2024 1349 2103 est

134 2127 353 2220 introducta,
377 2128 436 2231 sed
458 2128 515 2205 cui
539 2131 607 2205 sese
622 2132 728 2229 primi
750 2128 924 2227 etpraeci
949 2126 984 2203 ui
1006 2124 1242 2224 opposuerunt
1257 2124 1350 2199 Aut·
1386 2142 1389 2149 ·

135 2223 355 2319 ueroieuser,
398 2224 474 2324 qui,
500 2246 665 2324 quantum
687 2228 846 2302 damnum
869 2225 907 2300 in
972 2217 1192 2297 commetclir
1213 2240 1351 2295 creare·

137 2342 215 2417 tur,
240 2320 337 2416 sacile
360 2321 629 2419 perspexerunt,
653 2323 778 2420 etjam
804 2322 953 2417 experiri
971 2334 1168 2413 coeperant.
1218 2312 1350 2389 Accel-

139 2421 202 2508 srt,
233 2416 325 2512 quod
352 2416 393 2490 ad
416 2416 694 2491 reformationem
711 2420 784 2513 jam
809 2417 947 2511 plurimi
971 2414 1019 2488 ibi
1043 2413 1150 2486 essent
1171 2409 1352 2501 inclinati,

139 2517 223 2587 dum
251 2511 350 2582 multi
375 2510 424 2582 ibi
447 2512 534 2582 clam
559 2511 862 2599 concionarentur,
886 2512 975 2584 inter
998 2532 1083 2604 quos
1107 2507 1248 2581 suerunt
1275 2506 1351 2580 Ge·

141 2607 259 2700 orgiur
283 2604 469 2695 sylvanus,
502 2622 537 2673 et
559 2607 682 2702 Calpur
706 2607 897 2681 Heidauur.
932 2600 1203 2699 antverpienses
1232 2602 1352 2697 itaque

139 2698 409 2795 publicationem
435 2696 541 2806 edidli
567 2704 837 2798 prohibuerunt,
878 2703 979 2775 etad
1011 2723 1127 2773 eorum
1151 2699 1351 2792 exemplum

137 2793 226 2868 aliae
251 2814 388 2889 quoque
411 2791 582 2871 civitates.
634 2797 789 2894 Querelir
822 2820 926 2891 porto
960 2797 1025 2871 hac
1048 2796 1091 2867 de
1122 2817 1160 2866 re
1184 2790 1352 2890 expofitir
1381 2870 1387 2883 ,

143 2889 281 2965 Mariae
305 2887 524 2982 Hungariae‚
549 2890 674 2966 viduae
697 2893 895 2980 Ludovici,
927 2890 1016 2985 regis
1040 2892 1262 2983 Hungariae,
1295 2888 1351 2961 su·

143 2985 218 3061 rori
244 2984 378 3070 Caroli,
406 3004 491 3079 quac
514 2987 556 3059 ab
579 3011 609 3060 a.
638 3011 742 3083 1531.
768 2987 922 3083 Belgium
947 2988 1176 3083 gubernabat,
1201 2983 1254 3058 illa
1270 3005 1352 3073 pru·

143 3080 229 3155 dens
252 3099 289 3151 et
315 3078 491 3151 moderata
516 3080 697 3179 princeps,
724 3083 809 3158 adeo
832 3083 937 3155 etiam
964 3102 1000 3154 ut
1023 3080 1112 3175 apud
1128 3081 1269 3155 Paulum
1287 3078 1352 3159 ul

143 3172 273 3269 Papam
301 3174 337 3245 in
371 3174 601 3270 suspicionem
631 3179 886 3253 Luthetanismi
918 3180 1075 3264 venerit,
1118 3178 1208 3273 apud
1233 3177 1356 3252 Caesa·

142 3291 218 3345 rem
243 3267 484 3359 intercedens,
503 3271 649 3368 aliquam
667 3274 858 3372 inpetrauit
882 3271 1154 3366 mitigationem,
1181 3270 1260 3343 licet
1276 3269 1357 3365 spe·

144 3363 202 3439 cie
229 3384 328 3438 tenus
353 3366 478 3461 magis,
512 3391 613 3464 quam
638 3394 695 3461 re,
727 3370 942 3466 lnquisttionis
972 3388 1002 3440 et
1025 3366 1229 3464 suquissrorr't
1253 3365 1355 3439 odio·

146 3458 189 3534 srs
221 3460 418 3533 nominibus
441 3463 578 3555 ablatis,
618 3487 655 3536 et
678 3468 829 3540 articulis
853 3470 890 3543 in
914 3485 1154 3540 extraneorum
1180 3481 1357 3534 mercato·

146 3579 223 3652 rum
245 3554 402 3628 savorem
427 3560 563 3633 additis.
610 3561 730 3635 Exstat
761 3562 846 3637 ibid.
877 3562 967 3658 apud
997 3563 1076 3634 Bor.
1127 3558 1232 3725 Olim
1254 3554 1360 3632 edittl

148 3651 299 3747 mitigati
327 3652 594 3748 publicationem
624 3680 724 3753 aegre
756 3659 895 3730 tandem
920 3656 1141 3752 permiserunt
1199 3654 1361 3748 ntverpi·

151 3749 269 3833 enses,
313 3746 491 3913 postquam
517 3769 638 3824 contra
668 3752 934 3848 privilegiorum
961 3752 1093 3823 suorum
1118 3747 1359 3824 infraftionem

150 3841 262 3925 essent
285 3847 399 3936 protei
418 3842 481 3929 nti,
524 3842 616 3918 simul
647 3851 813 3933 certiores
842 3846 944 3936 faeti,
978 3846 1238 3942 inquisitionem
1268 3842 1362 3919 inter

150 3935 239 4037 ipsos
262 3959 330 4008 non
356 3936 514 4012 suturam.
576 3966 581 3976 ·
918 3943 923 3949 ’

198 4032 452 4132 §CCXLVIL
486 4033 556 4111 Via
587 4031 703 4132 itaque
741 4038 812 4116 hoc
844 4032 960 4114 edidlu
996 4035 1099 4116 strata
1127 4034 1176 4127 ad,
1208 4033 1375 4204 tribunal,

770 4149 786 4169 e
1284 4153 1362 4233 qm,
