3128 4438
278 198 347 274 2⁶ss
437 251 444 265 ,
654 175 801 282 ffifluir'o
823 177 953 282 Eccirs.
980 179 1097 284 Cirrifl.

173 421 177 432 -
266 359 506 448 misericordia
528 359 612 450 ulla,
644 359 782 454 quosvis
816 362 874 436 vel
900 359 1065 436 leviffime
1090 357 1296 460 suspectos,
1333 362 1382 438 ob
1408 361 1503 438 levis·

150 469 154 482 '
267 467 364 543 stmaa
381 463 516 546 causas,
539 456 729 532 damnavit.
783 457 933 554 Jacobut
957 457 1114 549 Helselt,
1139 480 1232 532 unus
1253 457 1502 547 Adsessorum,

267 559 386 662 paffim
416 553 624 640 dormitant,
649 572 708 644 et,
734 574 814 628 cunr
838 553 1032 627 sententiae
1051 550 1162 626 esseut
1180 552 1388 644 serendae,
1412 555 1504 628 exci-

270 677 382 742 tatus,
404 653 551 726 clamare
584 669 686 736 mou,
718 647 789 723 fine
822 651 892 721 ullo
925 651 1108 736 examine,
1140 670 1203 722 aut
1233 653 1379 724 ratione
1412 649 1504 734 data,

270 752 425 832 solebat,
466 747 509 820 ad
538 747 742 840 patibulum,
782 744 825 816 ad
852 745 1047 840 patibulum.
1099 746 1288 820 Saevitum
1324 745 1475 820 etiame

269 847 310 922 in
335 846 461 930 libros,
488 863 635 938 quorum
660 839 768 913 index
793 838 1062 936 expurgatoriut
1085 837 1137 913 est
1160 841 1380 930 consedlut,
1407 840 1504 935 plane

274 937 474 1042 pudendus,
508 935 577 1008 stve
602 935 644 1010 ad
668 934 771 1009 libros
794 934 946 1024 vetitos,
987 933 1059 1008 srve
1090 937 1132 1007 ad
1165 961 1298 1010 eorum
1330 932 1505 1008 castratio·

274 1061 357 1114 orm
383 1033 599 1107 adtendatur.
648 1031 746 1130 Quae
771 1029 934 1103 tetribilis
956 1027 1076 1119 scena,
1102 1031 1188 1104 licet
1216 1033 1280 1106 sub
1307 1030 1415 1104 linem
1441 1027 1502 1100 mi·

277 1156 344 1210 nor
370 1128 481 1218 faor,
521 1125 659 1202 duravit
692 1127 797 1219 usque
829 1126 870 1198 ad
902 1145 932 1198 a.
962 1146 1088 1216 157²·‚
1129 1129 1276 1222 quando
1309 1127 1418 1222 longe
1439 1121 1499 1194 alia

277 1227 329 1304 eil
352 1221 547 1300 introdusla
572 1219 743 1316 Principis
772 1215 1031 1294 Arausionensis
1055 1241 1181 1316 opera,
1214 1245 1296 1320 ,qua
1333 1213 1499 1317 tyrannidi

276 1323 356 1398 suot
382 1339 523 1412 ereptae
550 1317 756 1390 Provinciae
782 1337 942 1409 magnam
970 1333 1115 1412 partem.
1165 1315 1356 1391 Gloriatur
1387 1309 1497 1410 postea

278 1419 389 1492 sertor
415 1415 496 1488 Dux
525 1413 698 1498 Albanus,
730 1408 765 1482 se
789 1411 957 1484 allodecirrr
986 1411 1087 1484 millio
1113 1411 1355 1489 haereticorum
1376 1403 1501 1499 turulfi·

280 1517 330 1588 ris
353 1533 448 1582 maru
464 1504 648 1602 sustuna,
672 1509 837 1601 exceptis,
867 1528 943 1599 quot
964 1508 1081 1582 bellum
1097 1507 1274 1620 ‘ltousemn
1326 1505 1495 1606 Quantum

281 1627 367 1680 uero
392 1601 570 1698 sanguinis
597 1621 633 1673 rn
659 1601 782 1698 Belgio
812 1599 937 1690 suerit,
979 1601 1091 1770 spatio
1115 1605 1375 1702 quinquaginta
1396 1618 1496 1672 anno·

280 1725 357 1778 tum
382 1697 516 1784 susum,
552 1697 745 1770 luculenter
769 1694 893 1792 liquet,
924 1711 962 1767 ut
997 1718 1082 1790 upra
1109 1697 1180 1794 jam
1208 1695 1418 1780 observavi,
1454 1711 1495 1762 ex

283 1795 442 1874 oratione
467 1791 597 1868 Brrlaei
622 1791 835 1883 Cerfennae,
858 1790 904 1864 de
925 1792 1074 1884 potanda
1088 1791 1367 1889 Republica,=ad
1381 1787 1493 1882 Belgat

282 1895 428 1988 scripta,
455 1913 542 1986 quae
566 1889 637 1962 srne
662 1889 810 1961 horrore
834 1887 956 1982 nequit
979 1887 1058 1982 legi.

239 2001 252 2026 ⁸
333 1984 602 2086 §scctxvtt
636 1982 795 2054 Durante
818 1978 963 2054 satanica
985 1999 1022 2054 et
1045 1981 1325 2060 Antichristiana
1342 1983 1407 2056 bac
1420 1995 1490 2074 per·

286 2079 487 2168 secutione,
513 2073 709 2148 Resornrati
733 2075 873 2164 exules,
912 2073 971 2170 qui
995 2077 1157 2152 Vesaliae
1182 2100 1219 2154 et
1251 2077 1408 2154 Embdae
1429 2067 1489 2144 sese

285 2171 474 2349 graecipue
500 2167 725 2258 detinebant,
750 2171 851 2243 rebus
873 2168 1005 2246 suarum
1025 2173 1253 2250 Ecclefiarum
1280 2163 1487 2250 ordinandis,

335 2267 428 2344 sorte
454 2261 635 2359 aliquando
659 2261 696 2336 in
727 2263 851 2362 Belgio
877 2265 1024 2342 liberum
1059 2267 1175 2362 vigeat
1204 2269 1380 2365 religionis
1400 2282 1488 2337 exer·

286 2363 434 2450 citium,
476 2357 707 2434 incubuerunt
740 2360 806 2434 illis
840 2359 875 2433 in
901 2361 989 2436 locis
1011 2364 1108 2436 exilii
1140 2365 1201 2440 sui.
1250 2367 1370 2467 Quem
1395 2359 1431 2433 in
1454 2351 1490 2426 fi·

290 2483 374 2538 nem
400 2455 519 2530 habita
542 2454 593 2529 est
618 2453 776 2550 Synodur
800 2453 953 2551 Vesaliae
969 2479 1000 2534 a.
1028 2465 1156 2548 1568.,
1182 2462 1283 2558 cujus
1298 2459 1374 2536 adia
1389 2447 1486 2525 etali-

287 2557 347 2642 bi,
370 2569 407 2626 et
430 2553 472 2625 ad
497 2552 626 2625 calcem
652 2547 816 2658 historiae
836 2551 1034 2644 pullicorum
1054 2553 1259 2723 l{cripturam
1283 2547 1490 2646 naculum

287 2650 468 2746 nostrarum
491 2647 542 2722 Cl.
568 2643 658 2734 Bne,
689 2665 921 2739 reperiuntur.
974 2650 1049 2722 Con
1082 2654 1168 2724 itura
1197 2655 1259 2728 bie
1284 2651 1379 2736 suot,
1414 2658 1488 2736 quae

288 2749 331 2824 ad
353 2743 512 2838 regimen
538 2760 577 2813 et
610 2737 771 2812 ordinem
796 2739 967 2815 sacrorum
999 2745 1208 2840 pertinent,
1228 2747 1329 2822 omni
1353 2731 1490 2838 animadg

288 2837 447 2916 versione
470 2835 598 2932 dignam
626 2833 711 2908 illud
727 2855 831 2908 unum
848 2839 997 2929 notabo,
1022 2837 1244 2936 crrrsefflonenr
1262 2843 1428 2936 Belgicam
1449 2827 1489 2898 ibt

289 2936 360 3012 esse
387 2929 645 3014 confilnratam,
689 2951 768 3003 com
793 2929 999 3030 catechismo·
1015 2935 1214 3012 Genevenli
1249 2941 1287 3014 in
1321 2939 1412 3010 usum
1432 2923 1490 2998 Ec·

290 3027 468 3108 clesiarum
491 3024 771 3112 Walooicarum,
795 3045 832 3099 et
858 3027 1144 3123 Heidelbergeost
1167 3057 1232 3128 pro
1257 3027 1425 3130 Belgicis,
1445 3019 1486 3090 ΠΙ

290 3145 427 3212 rumen,
452 3137 491 3196 ut
513 3121 663 3196 libertati
690 3119 772 3195 illud
797 3121 1007 3218 relinquatur
1031 3128 1198 3216 usquead
1222 3133 1418 3226 sequentem
1435 3113 1489 3216 553

290 3221 433 3298 nodum.
484 3217 607 3290 Altera
633 3215 791 3310 Synodut
806 3216 977 3292 celebrata
1000 3214 1051 3290 est
1068 3221 1214 3296 Embdae
1229 3248 1260 3298 a.
1288 3243 1413 3317 1571..
1437 3217 1488 3281 ⁶¹¹¹

288 3309 463 3487 tmesedit
478 3311 648 3422 'Casperua
663 3309 864 3400 Heidanur,
890 3329 973 3390 tunc
988 3311 1105 3388 Pastor
1120 3317 1363 3398 Francodaliae
1378 3309 1421 3411 (F
1422 3319 1485 3380 ΜΠ·

317 3403 451 3503 enthal)
477 3405 747 3518 rant-Palatinam,
770 3402 824 3514 'io
847 3429 913 3502 qua
943 3407 1147 3504 corstlloria,
1182 3413 1319 3511 classes,
1357 3398 1480 3505 Syrtis,

287 3528 324 3583 et
346 3505 412 3582 alia
436 3500 578 3590 limum,
603 3499 680 3573 sont
703 3497 880 3588 ordroata,
912 3521 952 3578 et
986 3505 1104 3580 eadem
1136 3508 1182 3583 de
1213 3509 1426 3586 Confeli'tooe
1447 3508 1481 3596 ες

287 3594 516 3704 catechismis
537 3611 737 3678 occurrunt
781 3593 964 3680 Notabile
994 3597 1045 3676 est
1076 3601 1211 3698 primur
1233 3601 1480 3770 mcfflussbgg:
