3148 4434
522 219 528 231 '
589 223 593 228 ·
621 171 726 280 breul.
752 203 850 280 XVI.
1007 143 1011 151 ·
1266 238 1336 318 453

112 379 193 461 r'irrt
223 379 394 458 savmem.
443 380 554 458 Domi
588 389 733 480 quoque
754 406 869 457 rerum
894 382 1147 461 administratio
1169 407 1205 464 et
1228 389 1330 486 discip

107 482 210 578 plina
238 483 361 554 enable
383 479 645 568 observabatur,
679 503 719 552 ac
743 480 880 576 singulis
909 502 1008 554 erant
1037 483 1217 560 distributa
1251 487 1329 562 offi-

107 579 181 652 cia.
212 577 358 664 Verbo,
384 578 557 650 bonorum
576 574 730 664 civium,
761 597 798 648 et
816 577 1007 668 proborum
1025 580 1323 673 Christianorum,
1411 621 1420 653 s

2 719 16 758 4
137 692 229 748 arten
258 674 403 768 egregie
435 676 689 767 expleverunt,
725 674 951 767 omniumque
983 696 1183 751 meruerunt
1208 682 1322 754 calcu·

5 849 9 856 ,
104 697 197 844 sirm
248 769 365 868 Quid?
391 775 483 862 quod
511 768 606 842 domi
633 791 704 840 non
729 767 829 840 aliter
861 767 989 840 vixerit
1016 769 1208 867 Georgius,
1235 776 1324 850 teste

9 945 19 955 ‚
104 865 306 940 Bleisdikro.
355 867 473 940 Unum
507 867 722 960 altarumque
754 865 850 936 vitae
884 864 1109 956 quotidianae
1140 871 1319 964 specimen

7 1010 14 1020 -
102 961 332 1048 memorasse,
355 982 432 1034 non
463 959 532 1032 erit
553 958 713 1033 alienum.
762 960 940 1062 Quotidie,
973 959 1085 1058 inquit
1109 987 1211 1040 autor
1233 969 1318 1044 cita·

2 1107 4 1146 :
101 1078 186 1147 tua,
221 1083 293 1132 euru
315 1057 491 1153 salutabat
522 1057 730 1150 paedagogus
763 1079 833 1126 rum
861 1057 1048 1150 junioribus
1077 1061 1207 1151 lilerir,
1239 1089 1318 1158 quor

99 1178 180 1230 roro
211 1171 268 1226 aet
302 1175 460 1248 nunquam
492 1153 674 1226 dimittebat
693 1149 766 1242 fine
780 1151 877 1246 seria
900 1154 1009 1245 aliquo
1041 1155 1252 1234 admonitione
1278 1165 1318 1235 de

1 1243 13 1344 '.
97 1257 218 1328 mtnore
258 1250 345 1337 Dei,
377 1251 415 1320 de
436 1249 546 1344 studio
575 1265 607 1319 et
632 1249 807 1342 diligentia
845 1250 997 1341 precandi
1027 1247 1155 1339 Deum,
1178 1255 1316 1352 aliisque

1 1401 8 1439 e
97 1350 244 1444 pietatis
267 1349 456 1432 exercitiis,-
481 1347 623 1418 lrobtlrat
651 1345 769 1418 sideros
791 1349 930 1439 optimae
955 1347 1086 1434 indolis,
1111 1349 1242 1448 ejusque
1260 1356 1317 1425 ob.

2 1435 11 1538 j
87 1439 365 1545 struantiffimos.
415 1442 481 1514 Per
515 1443 598 1514 duaa
628 1441 794 1536 prandere
819 1439 948 1514 solebat
973 1443 1093 1533 horas,
1127 1449 1318 1543 praecipue

98 1545 149 1616 ob
173 1541 365 1634 colloquia,
391 1558 477 1632 quae
504 1537 549 1610 de
565 1533 749 1631 religione,
776 1556 835 1610 aut
852 1537 925 1610 aliis
946 1537 1099 1614 honestis
1117 1546 1238 1634 rebus,
1265 1545 1315 1620 ibi

1 1632 2 1639 '
99 1637 352 1713 miscebantur.
400 1633 507 1706 Diem
545 1637 679 1708 terebat
715 1629 976 1725 scriptionibus,
1013 1636 1317 1733 deambulatione,

99 1734 164 1808 vel
188 1731 282 1804 horti
304 1729 456 1816 cultura,
482 1747 642 1801 necnon
671 1725 823 1820 pislura,
850 1749 916 1821 qua
944 1727 1042 1800 valde
1067 1729 1315 1814 delectabatur:

1 1889 2 1895 η
99 1829 195 1906 lusus
220 1849 357 1922 quoque
382 1821 547 1918 pueriles,
572 1821 613 1894 ad
643 1823 747 1894 risum
765 1821 887 1916 usque,
912 1817 974 1932 ipsi
991 1820 1028 1895 in
1045 1821 1178 1899 deliciis
1195 1849 1342 1922 erant,

97 1949 122 2002 a
151 1925 335 2020 personata
368 1940 504 1992 morum
537 1918 709 2012 gravitate
736 1918 959 2003 abhorream,
994 1919 1029 1988 in
1060 1925 1211 2011 precibus
1243 1945 1318 2000 erat

96 2018 254 2111 denique
275 2035 308 2088 et
330 2019 396 2107 ipse
420 2017 542 2104 serias,
573 2030 604 2088 et
634 2017 768 2100 ardens,
803 2016 837 2086 in
861 2013 1132 2090 admonitionibus
1156 2035 1189 2091 et
1206 2019 1320 2094 exstor-

94 2117 281 2194 tationibas
303 2110 458 2204 sedulus,
485 2115 517 2182 in
540 2111 672 2188 docendo
698 2107 866 2206 uenustus,
889 2109 953 2206 sed
973 2114 1176 2207 otnttltodus,
1201 2117 1316 2216 inquit

92 2211 316 2294 Bleisdikius:
341 2206 403 2282 alia
427 2205 542 2282 mitto.

146 2307 180 2406 §.
206 2305 425 2379 CCCCLlV.
457 2301 593 2377 Tenuit
625 2301 720 2378 hunc
752 2298 845 2375 vitae
878 2319 1036 2378 tenorem
1075 2307 1223 2386 Brfileae
1252 2333 1316 2409 per

92 2403 266 2484 undecim
299 2419 427 2490 annor,
459 2396 669 2472 laudabiliter
702 2418 739 2473 et
770 2397 936 2491 pacifice,
967 2421 1003 2473 et
1032 2422 1131 2476 extra
1158 2427 1195 2482 er
1218 2406 1313 2482 intra

89 2507 252 2580 domum.
303 2497 362 2569 De
398 2515 468 2592 quo
506 2495 610 2568 etiam
645 2492 715 2570 vid.
756 2493 1009 2590 Ephemerides
1039 2499 1072 2592 J.
1103 2499 1238 2576 Halleri
1272 2505 1312 2580 itr

91 2597 197 2678 Mus.
222 2593 368 2668 Helvet.
393 2615 428 2687 p.
450 2589 499 2664 V.
551 2591 640 2665 Orta
663 2588 801 2686 quidem
827 2588 864 2663 in
884 2591 991 2661 domo
1015 2597 1089 2687 ejus
1111 2594 1178 2667 soit
1203 2598 1315 2694 aliqua

84 2697 190 2774 inter
221 2689 331 2784 ipsum
357 2704 393 2759 et
419 2683 657 2773 Bleisdikium,
689 2705 853 2780 generum
879 2687 975 2778 ejus,
1008 2709 1027 2760 a
1049 2687 1209 2766 doctrina
1234 2697 1312 2791 ejue

88 2787 308 2866 alieniorem
350 2781 501 2868 fesium,
540 2777 717 2870 dissensio,
758 2779 814 2854 sed
847 2779 1021 2854 sociorum
1063 2785 1311 2867 intercessione

86 2884 198 2966 brevi
226 2877 439 2974 composrta,
470 2877 520 2950 ita
545 2897 583 2950 ur
607 2875 701 2950 socer
725 2899 892 2970 generum
918 2875 1067 2970 pristino
1089 2885 1310 2978 completie.

85 3001 194 3062 retur
225 2975 368 3063 favore,
403 2995 511 3068 gener
542 2973 615 3064 ejus
647 2971 824 3046 molimina
858 2991 895 3043 et
921 2969 1078 3047 instituta
1102 2979 1307 3076 neutiquam

86 3075 275 3180 proderet.
326 3071 464 3144 Sectam
498 3067 636 3164 quidem
671 3067 788 3154 domi,
816 3083 851 3138 et
882 3065 915 3138 in
949 3066 1078 3158 patria,
1103 3075 1311 3152 consumare

89 3196 169 3254 non
193 3164 326 3244 destitit
349 3189 411 3258 per
425 3165 565 3238 ’litteras
588 3181 624 3236 et
652 3163 800 3260 scripta,
833 3161 889 3234 sed
916 3162 1062 3236 Basileae
1088 3187 1158 3240 non
1185 3195 1312 3269 propa·

88 3267 204 3372 gavit.
253 3261 384 3336 Mansit
419 3258 534 3356 itaque
566 3259 631 3332 hac
661 3281 761 3357 parte
796 3257 937 3354 ignotus
970 3259 1213 3340 Btsrleensrbus
1244 3294 1308 3366 per
1406 3289 1409 3296 ’

91 3385 205 3444 omne
235 3358 331 3434 vitae
362 3378 517 3451 tempus,
549 3355 629 3429 licet
660 3380 704 3430 ex
735 3355 902 3430 inferiore
929 3357 1129 3434 Germania
1172 3364 1312 3461 aliquit,

93 3481 173 3542 nort
199 3455 323 3532 nullius
343 3451 561 3538 autoritatis,
594 3473 673 3524 eum
699 3451 871 3527 nonnullis
894 3453 1031 3528 civibus
1055 3453 1181 3530 fecerit
1207 3463 1316 3537 mani·
1446 3548 1449 3556 ‚

94 3551 235 3636 festum.
267 3548 483 3638 Desunsius,
509 3547 625 3621 triduo
642 3545 719 3642 post
739 3569 900 3622 uxorem.
917 3550 967 3622 eli
982 3551 1119 3646 placide
1133 3575 1163 3626 a.
1184 3561 1316 3648 155⁶·‚

50 3709 53 3714 -
95 3669 140 3748 et
157 3643 303 3732 honeste
330 3667 405 3748 uun
436 3665 591 3742 tautum,
625 3643 686 3720 led
711 3663 747 3716 et
771 3644 989 3748 honorifice,
1018 3669 1084 3742 pro
1107 3665 1206 3720 more
1231 3651 1321 3728 Bau·

187 3741 205 3750 ··
643 3738 770 3836 nug
1026 3789 1029 3796 .
1127 3739 1314 3844 tecnam,
