3128 4438
260 247 332 322 280
642 239 788 342 Historia
813 241 939 340 EccleJ.
968 239 1082 342 Clrifi.

259 421 327 500 fito
361 417 505 508 manlit,
538 415 703 516 quicquid
730 437 853 502 contra
867 417 1007 518 egerint
1028 417 1109 512 alii,
1134 413 1264 512 etiam,
1296 413 1389 517 qood
1412 413 1466 490 ds-
1557 429 1559 470 ³

263 519 420 604 lendum,
445 515 518 610 ipse
543 517 722 612 Pliilrppos
745 516 951 590 Marnixius.

307 615 339 711 ς.
365 611 588 686 cccxxix.
628 613 737 682 Laeta
776 612 864 685 baec
895 633 1009 685 rerum
1041 609 1149 685 facies
1181 609 1281 686 brevi
1313 609 1349 685 in
1374 609 1474 702 louge

265 709 455 784 tristiorem
497 707 607 779 vertit
646 727 708 801 per
741 705 908 800 Juliansis
941 706 1129 804 Austrlari,
1168 707 1228 780 Bel
1256 708 1293 780 io
1325 730 1344 781 a
1378 704 1476 795 Rege

264 801 454 902 praefestl,
487 803 689 878 adventum.
741 801 944 900 Subscriplit
974 804 1116 898 quidem
1138 733 1359 900 permistioni
1387 799 1474 869 Gan·

263 895 413 983 dalenfi,
453 915 490 969 et
521 897 661 969 subdole
700 896 847 971 militem
882 897 1073 991 Hispanum
1106 897 1257 988 similit,
1288 898 1346 972 sed
1370 895 1475 966 alium

263 994 493 1086 conscripsit,
530 1009 568 1064 et
600 1015 723 1086 pacem
756 993 831 1068 dein
855 994 967 1090 palam
995 995 1113 1090 fregit.
1162 993 1315 1091 Quando
1339 995 1375 1064 in
1402 989 1476 1060 Bel·

264 1088 363 1185 gium
387 1095 429 1160 ab
445 1085 634 1162 Ordinibus
656 1107 799 1160 vocatus
823 1093 872 1162 eil
897 1091 1066 1166 Matthias
1093 1091 1274 1162 Archidux
1297 1083 1475 1170 Auliriae,

263 1193 368 1262 lrater
387 1183 563 1275 Rudolplri
582 1183 816 1275 inperatoris,
841 1185 1070 1276 Reipublicae
1092 1183 1352 1262 constituendae
1376 1200 1478 1272 ergo,

108 1330 112 1341 ·
265 1299 303 1360 et
346 1281 514 1370 Princeps
562 1275 814 1352 Araulionenlis
854 1280 1074 1352 Gubernator
1112 1279 1314 1353 Brabantiae
1351 1275 1476 1360 oetas,

265 1377 340 1454 imo
375 1395 458 1445 rnox
488 1397 507 1444 a
533 1373 688 1444 Matthia
711 1375 873 1445 omnibus
896 1375 1091 1447 Provinciis
1114 1374 1322 1468 praefectus.
1369 1367 1473 1468 Quod
1557 1397 1559 1402 ‘

265 1471 397 1546 facium
430 1465 481 1538 est
512 1487 545 1540 a.
577 1472 680 1556 ¹578·
728 1467 810 1564 Quo
840 1488 878 1540 et
901 1469 981 1543 illud
1006 1472 1229 1543 commodum
1253 1469 1383 1545 accidit
1405 1467 1475 1538 loe·

265 1567 397 1644 deratis
427 1561 520 1656 quod
550 1559 844 1636 Amlielodamum
880 1563 915 1636 se
949 1563 1016 1638 illis
1049 1565 1269 1662 adjunxerit,
1301 1564 1364 1637 lsac
1386 1558 1472 1636 sabla
1553 1623 1559 1630 .,

264 1654 489 1754 stipulatione
514 1673 553 1728 ut
575 1655 699 1751 religio
723 1656 903 1732 Pontificia
922 1658 971 1731 ibi
990 1679 1121 1734 tanturn
1138 1669 1380 1748 exerceretur,
1404 1657 1473 1730 Re·

265 1753 425 1836 formatis
449 1769 565 1828 tamen
588 1750 748 1828 cancella
772 1753 931 1826 libertate
949 1753 999 1827 ibi
1020 1753 1191 1850 degendi,
1219 1775 1258 1830 et
1273 1757 1471 1922 relifiopem

267 1869 368 1926 extra
394 1850 512 1922 urbem
537 1847 737 1924 exercendi.
788 1849 878 1938 Sed,
912 1849 1067 1924 exulibus
1091 1849 1257 1940 reveri-is,
1296 1873 1334 1924 re
1352 1864 1470 1922 ormari

266 1945 366 2021 valde
398 1943 622 2038 multiplicati
656 1965 739 2014 mox
768 1942 1009 2020 insolentiores
1041 1944 1125 2018 tatii
1160 1949 1258 2034 sont,
1296 1969 1364 2020 nec
1384 1945 1468 2016 intra
1554 1972 1559 2014 ’ς

268 2041 441 2116 terminos
472 2036 507 2107 se
536 2035 796 2110 continuerunt.
844 2035 1078 2134 Quibuscum
1104 2040 1285 2114 Pontificii
1311 2042 1469 2134 seoppo·
1558 2107 1559 2110 ,

266 2149 413 2218 nerent,
438 2128 601 2201 noviter
625 2127 841 2220 gravioribus
864 2136 1067 2208 tumultibus
1092 2137 1243 2232 repletae
1268 2137 1344 2208 lunt
1366 2135 1470 2230 regio·

266 2249 349 2315 nes,
374 2225 465 2320 quod
487 2224 617 2330 causae·
632 2223 804 2304 libertatis
826 2229 971 2302 multum
995 2232 1138 2317 nocuit,
1163 2229 1221 2302 sed
1247 2233 1337 2326 Regi
1352 2231 1469 2324 Hispa·

269 2323 351 2398 niae
376 2317 516 2413 profuit.
565 2318 694 2393 Primus
720 2325 886 2396 tumultur
909 2325 1021 2418 erupit
1040 2323 1305 2416 Autstelodami,
1331 2327 1386 2399 ubi
1405 2327 1471 2397 Re·
1556 2393 1558 2396 .

266 2413 429 2504 formati,
464 2411 801 2523 excitatopopulo,
832 2419 1077 2514 Magistrarum
1112 2439 1304 2509 mutarunt,
1331 2419 1468 2514 Templa

268 2529 508 2604 occuparunt,
530 2530 697 2603 rutagrnes
720 2530 755 2583 et
779 2513 897 2584 altaria
919 2515 1166 2590 destruxerunt
1190 2537 1226 2589 et
1250 2519 1399 2613 publicas
1418 2515 1469 2586 iu·
1557 2581 1558 2586 ,

268 2609 501 2694 troduxerunt
532 2605 731 2680 conciones.
783 2607 888 2679 Primi
919 2631 1108 2703 praecones
1132 2611 1274 2686 fuerunt
1300 2613 1467 2708 Johannes

268 2702 482 2778 Keuchlinus
514 2719 552 2769 et
577 2702 697 2774 Petrus
721 2701 948 2796 Hardenberg
970 2728 991 2776 e
1015 2707 1121 2780 Frisra
1143 2709 1329 2783 Orientali.
1364 2708 1465 2796 ,luem
1514 2791 1515 2799 ἵ
1557 2739 1558 2778 1

267 2797 399 2874 fastum
429 2793 482 2869 eil
515 2793 693 2885 Harlemi,
719 2798 865 2892 'majore
888 2803 998 2874 adbuc
1021 2825 1101 2875 cum
1126 2803 1281 2888 excelsu,
1312 2797 1465 2898 promisso
1557 2811 1558 2840 ³

267 2887 491 2978 nihilominus
530 2889 727 2964 Pontificiis
763 2894 944 2990 religionis
979 2895 1166 2970 exercitio.
1228 2898 1337 2974 lidern
1374 2897 1461 2974 brevi
1557 2963 1558 2966 ,

265 2987 346 3102 post
368 2987 484 3060 exorti
513 2986 588 3058 lunt
620 3006 736 3060 motus
769 3012 833 3082 per
857 2989 1048 3066 Flandriam
1071 3011 1109 3064 et
1135 2993 1359 3074 Brabantiam.
1404 2989 1464 3072 Ubi

265 3109 305 3164 sn
331 3081 439 3158 initio
464 3081 641 3176 publicum
674 3084 856 3174 religionis
887 3089 1094 3162 exercitium
1126 3089 1322 3163 Reformati
1350 3087 1462 3188 partim

266 3181 494 3274 inceperunt,
519 3177 644 3270 partim
669 3181 710 3250 ab
727 3178 920 3252 Ordinibus
943 3181 1172 3274 postularunt,
1214 3183 1309 3258 neele
1330 3203 1461 3260 conten·

266 3271 406 3368 dentes,
432 3267 589 3344 societati
615 3293 685 3348 non
709 3274 822 3347 obelle
845 3273 995 3351 diuersas
1018 3279 1226 3373 religiones,
1258 3281 1377 3378 easque
1397 3303 1461 3351 orn·

109 3403 116 3414 ·
264 3370 354 3444 nino
378 3366 542 3439 obtinere
568 3365 684 3458 polle,
723 3368 768 3441 de
808 3391 877 3465 quo
906 3373 1067 3450 notabilis
1098 3373 1210 3447 exstat
1242 3375 1374 3452 libellos
1394 3377 1462 3470 sup·

264 3465 348 3563 pler
381 3457 509 3556 Synodi
541 3459 785 3534 Dordraoenae
816 3488 846 3538 a.
876 3473 980 3558 1578.
1014 3469 1104 3565 apud
1138 3469 1284 3561 Bra'ndt,
1317 3474 1395 3546 dein
1426 3465 1460 3543 ad

266 3557 452 3638 violentias
479 3576 515 3628 et
539 3555 702 3630 turnultus
736 3577 878 3634 ventum
905 3562 965 3638 est.
1017 3563 1151 3638 Prodiit
1181 3563 1321 3660 quidem
1347 3563 1462 3641 Archi·

165 3663 169 3672 '
263 3657 362 3742 ducit
384 3672 419 3740 et
450 3655 594 3740 Senatus
624 3651 797 3760 osonum
825 3659 975 3740 nomine
1003 3683 1094 3740 nota
1118 3661 1373 3756 pacificationis
1390 3660 1464 3830 reslie
1556 3713 1557 3748 ᾗ

780 3819 784 3824 -
831 3816 834 3822 -
1364 3777 1445 3860 gros
1556 3811 1557 3822 r
