3098 4436
432 321 440 334 .
544 257 648 342 useel.
674 250 774 332 XVI.
868 319 873 326 .
1129 365 1132 372 Ι
1191 277 1262 354 3²!

71 443 136 518 tto,
158 423 213 526 qni
240 421 386 520 rustice,
404 446 443 507 et
462 431 629 529 irperbe,
654 431 691 522 in
705 455 751 508 ao
768 448 877 526 opera
904 428 1056 508 versatus
1077 427 1139 508 est.
1189 429 1260 508 seu

67 524 213 599 laclionis
247 525 451 606 Pontificiae
493 547 597 625 caput
625 528 736 606 ,inter
774 523 1031 604 Ecclefiasticos
1068 527 1137 602 fuit
1170 526 1259 617 Lae,

66 619 344 717 Archiepiscopus
370 622 608 700 Eborncenlis.
658 625 701 698 In
724 623 902 720 publicum
926 644 1063 734 quoque
1085 645 1152 718 pro
1175 645 1260 700 catt-

67 716 96 788 ss
122 715 299 791 Pontificio
336 718 467 814 prodiit
496 716 702 818 Reginaltlur
728 719 849 809 Polus,
872 741 972 814 regso
993 720 1157 816 sanguine
1181 731 1258 792 cre·

69 829 132 900 tus,
153 827 183 886 et
207 813 357 908 primum
379 814 531 906 Pariliis,
560 815 645 892 dein
675 816 829 904 Paduae,
865 817 922 890 ubl
954 813 1075 888 studiis
1112 836 1257 909 operam

66 905 166 995 dedit,
196 907 375 1003 Papisticis
413 910 555 986 inbutus
586 910 788 1008 principiis,
821 911 879 1006 qui
912 909 1040 986 librum
1071 908 1116 984 de
1138 911 1259 985 little·

60 999 177 1096 ¹,italico
209 1007 339 1078 unitate
371 1005 567 1102 composuit
606 1027 726 1082 contre
757 1003 972 1096 Henricum,
998 1025 1067 1102 quo
1090 1008 1164 1102 ejus
1186 1005 1257 1102 pri·

65 1119 204 1188 natum,
242 1122 282 1173 et
312 1103 478 1195 Paparum
503 1101 753 1196 rejectionem,
779 1102 905 1178 acriter
926 1121 964 1176 et
987 1101 1152 1196 iniuriose
1178 1123 1259 1196 pers

65 1190 205 1285 strinxit,
237 1195 380 1294 Regem
406 1221 485 1272 cum
508 1197 802 1272 Nebucadncaare
827 1217 1047 1293 comparans,
1079 1197 1260 1276 stCaesar

66 1312 147 1380 tem,
163 1291 315 1388 aliosque
338 1293 535 1392 Principes,
553 1294 594 1366 ad
618 1295 752 1393 Regem
764 1292 860 1392 'bello
878 1283 1148 1389 oppugnandum
1164 1289 1261 1366 erci-

67 1403 186 1476 tans,a
212 1384 402 1476 Tonstalo,
428 1387 645 1478 Gardinero,
670 1407 707 1464 et
726 1389 807 1464 aliis
824 1388 1023 1463 refutatum.
1072 1388 1128 1460 Ad
1152 1385 1263 1460 refor-

67 1479 215 1557 mationis
243 1487 431 1559 commoda
462 1505 530 1580 quo
557 1509 600 1558 ue
628 1486 779 1560 refertur
809 1486 1005 1560 mandatum
1024 1481 1155 1580 Regis,
1180 1503 1261 1577 pro·

66 1575 367 1677 priaautoritate,
394 1508 774 1656 Senatuilcclestastico
806 1605 877 1656 non
904 1580 1081 1668 consulto,
1106 1580 1262 1670 editum,

68 1689 172 1746 contra
207 1675 367 1748 nonnulla
397 1673 655 1769 superstitionis
685 1677 821 1771 capita,
853 1694 891 1748 ut
922 1673 1261 1776 peregrinationum,

71 1767 165 1844 cultus
194 1769 402 1866 imaginum,
428 1786 464 1844 et
488 1771 704 1859 sanctorum,
736 1791 805 1842 nec
829 1789 898 1842 non
917 1788 1039 1842 contra
1056 1771 1264 1863 peregrinae

70 1863 188 1956 inguae
217 1865 256 1940 in
287 1866 389 1939 sacris
421 1865 680 1955 neceffitatcm,
714 1884 773 1938 aut
808 1863 1011 1951 utilitatem,
1047 1861 1198 1956 denique
1220 1863 1264 1942 ad

71 1959 204 2034 clericos
231 1960 373 2034 arctiori
404 1961 608 2056 disciplinae
643 1957 926 2054 adstringendos,
961 1977 999 2030 ut
1031 1955 1088 2051 pie
1121 1963 1262 2048 vivant,

71 2054 282 2130 concionibus
305 2055 474 2130 habentis
500 2056 725 2143 incumbant,
751 2055 919 2151 populum
944 2073 1070 2126 contra
1095 2073 1264 2126 autorita-

74 2169 129 2221 tem
165 2151 322 2249 Papalem
363 2171 551 2239 moneant,
592 2169 629 2224 et
666 2151 854 2226 Primatum
890 2149 1036 2224 Henrici
1066 2147 1263 2238 inculcent,

71 2245 208 2319 nonnulla
232 2247 338 2321 etiam
362 2245 448 2320 fella
473 2269 632 2342 tempore
657 2247 768 2320 meffis
800 2249 877 2319 sunt
900 2247 1076 2340 abrogata.
1130 2243 1264 2320 Postre·

73 2363 120 2412 no
141 2341 338 2416 confirmata
361 2341 422 2416 fuit
448 2343 557 2435 Regis
580 2341 763 2430 autoritas,
788 2364 851 2436 per
875 2340 1098 2414 rebellionem
1118 2342 1262 2417 provin,

74 2433 135 2506 cire
152 2437 354 2513 Lincnlniae
380 2456 417 2512 et
444 2437 689 2525 Eboraccnfis,
714 2457 801 2548 quac
820 2453 1004 2532 praetextu
1026 2435 1209 2528 religionis
1224 2438 1263 2512 in

75 2529 180 2606 bellum
202 2531 402 2608 intestinum
427 2552 606 2627 eruperat,
640 2533 794 2608 feliciter
819 2537 1009 2627 luperatam
1036 2551 1071 2604 et
1095 2531 1264 2626 sopitam,

77 2647 157 2722 quam
182 2627 350 2702 Burnetus
374 2627 447 2702 fuse
478 2646 614 2704 enarrat
639 2629 699 2705 lib.
722 2629 789 2702 111.
1256 2677 1261 2691 ·

111 2717 138 2817 l.
159 2725 374 2798 cccxxxl.
406 2728 529 2796 Annus
563 2733 691 2816 1538„
725 2721 807 2798 licet
831 2721 1017 2809 nonnulla,
1041 2737 1127 2816 quae
1150 2719 1265 2794 refor·

78 2817 198 2890 nationi
230 2819 407 2909 faverunt,
440 2819 477 2892 in
511 2841 556 2890 eo
593 2817 833 2914 contigerint,
868 2817 979 2890 letalis
1011 2818 1163 2890 maxime
1194 2817 1265 2892 luit

80 2931 164 3002 purae
185 2915 424 2988 reformationi
450 2915 509 2988 sub
538 2912 714 2990 chrico.
762 2911 918 2992 Multum
941 2911 1067 2984 lucrata
1090 2911 1139 2986 est
1157 2911 1267 2988 refert

78 3006 184 3096 matio,
213 3011 306 3176 guod
342 3032 374 3084 r.
399 3007 603 3085 monasteria
642 3009 712 3084 sele
754 3008 875 3100 sponte
909 3003 1113 3080 tradiderint
1144 3006 1264 3104 Regi,

81 3119 107 3170 r.
127 3099 211 3182 incre
237 3103 328 3178 ibilis
351 3104 582 3191 clericorum,
603 3122 639 3186 et
654 3101 916 3180 Monachorum
943 3104 981 3174 in
996 3101 1139 3194 primis,
1152 3105 1270 3200 luper-

81 3189 175 3283 llitio,
197 3197 288 3274 circa
311 3198 476 3295 imagines
498 3221 537 3272 et
554 3197 732 3296 reliquias,
758 3195 864 3272 luerit
881 3217 997 3270 coram
1017 3197 1124 3270 oculis
1143 3200 1267 3294 populi

82 3289 231 3386 exposita,
262 3316 385 3391 magna
414 3297 519 3370 etiarn
544 3319 623 3390 pars
645 3291 797 3368 Londini
820 3289 1007 3366 combusta.
1037 3315 1069 3386 3.
1093 3294 1184 3369 Bulla
1206 3317 1269 3380 ex,

81 3387 391 3474 communicationis,
416 3410 453 3463 et
471 3387 719 3484 depofitionis,
737 3389 907 3474 Hentici,
929 3385 1001 3480 jam
1022 3406 1103 3461 ante
1120 3388 1270 3474 trienni,-
1350 3396 1352 3402 ’

81 3493 127 3550 um
146 3481 362 3573 concinnata,
388 3483 457 3559 hoc
479 3507 572 3557 anno
589 3483 698 3560 suerit
723 3507 742 3556 a
767 3485 869 3557 Paulo
888 3485 952 3558 lll.
978 3483 1175 3578 publicata;
1200 3509 1270 3580 pus

81 3567 146 3646 Rex
173 3575 400 3676 indigniffime
432 3578 617 3671 tractatur,
653 3577 959 3673 omnibusquerell
985 3578 1202 3670 injunctum,
1228 3601 1274 3658 uc

85 3683 147 3737 eum
173 3673 258 3746 bello
283 3674 575 3776 impugnentetc.
611 3673 734 3769 ‚Quod
762 3673 954 3770 inprudens
976 3673 1092 3767 Papae,
1110 3670 1276 3774 facinusg

120 3755 191 3839 Tam.
215 3769 296 3849 Vll.
625 3770 689 3844 Tt
1180 3763 1268 3847 ficut
