3148 4434
471 221 507 241 ”’
537 215 669 294 ’δεῒαζ
696 213 798 291 XVI.
827 235 840 261 ·
1219 249 1295 322 ψη

65 399 125 472 neit
156 392 383 484 cetebratur,
416 391 486 492 oui
518 395 626 472 nouo
659 393 839 491 pomoeria
872 385 1027 470 civitatie
1059 397 1289 495 obequitare,

62 511 97 566 et
128 487 254 563 obvios
293 492 458 566 homines
489 496 646 587 pulsare,
680 515 718 564 ut
749 513 894 588 rapere,
928 493 1136 568 dicebatur:
1171 521 1189 570 a
1220 523 1291 594 qno

63 591 223 682 Hugauate'
262 588 428 684 adpellati
463 591 559 681 sunt,
582 595 638 686 qui
670 594 712 663 od
742 611 779 662 ea
812 589 882 662 loca
919 594 963 662 ad
1006 593 1171 665 conciones
1195 597 1291 668 audi·

64 688 176 775 endas,
202 709 247 759 oe
271 704 387 778 preces
400 685 596 776 faciendas,
626 688 738 759 itidem
763 691 880 771 uesta,
907 689 982 777 quia
1008 687 1146 760 iuteedru
1172 714 1232 764 nou
1249 697 1290 764 u·-

64 791 180 870 eebot,
228 786 433 876 agminatim
483 787 517 858 t'tt
563 787 684 858 occulto
733 787 982 868 conveniebam,
1025 803 1126 856 antea
1181 789 1287 886 vulgo

62 880 258 967 notuerunt,
289 877 409 972 postea
437 884 542 954 eu'am
569 881 790 975 salurnissue,
824 880 928 952 droti:
963 877 1020 950 sed
1048 881 1170 953 saeuior
1195 885 1284 962 hauc

60 977 164 1048 iacies
188 977 295 1046 brevi
325 997 389 1070 per
418 974 555 1050 Gnifion
580 977 630 1050 est
657 995 809 1064 mutata,
836 975 894 1069 qui
920 973 957 1045 in
979 977 1179 1050 Condacum
1206 997 1282 1056 tan·

59 1092 154 1168 quam
182 1071 360 1144 tumultun
383 1071 611 1161 Ambaxioni,
638 1093 676 1144 et
700 1095 872 1144 novorum
898 1089 1072 1160 motuum,
1097 1095 1280 1166 autorem,

60 1163 213 1240 emedio
239 1165 436 1241 tollendum
459 1167 590 1242 intenti
615 1167 765 1242 fuerunt.
819 1167 931 1265 Quem
957 1164 993 1238 in
1016 1166 1122 1240 finem
1156 1169 1282 1246 santili-

62 1285 128 1338 aree
148 1261 314 1338 Condae'i
338 1263 500 1358 quotidie
523 1265 558 1338 in
584 1265 719 1338 vincula
755 1261 908 1358 conjecti
944 1259 1042 1348 sunt,
1076 1283 1114 1335 et
1146 1286 1279 1344 novum

62 1359 171 1434 cusum
192 1356 245 1431 est
263 1361 469 1448 decretum,
495 1385 533 1432 ete
551 1365 619 1454 quis
637 1383 677 1432 eet
693 1361 922 1452 Principibus,
953 1357 1108 1456 aliisque,
1134 1365 1276 1455 milites,

60 1459 249 1552 pecuniata,
278 1477 393 1543 arma,
428 1479 520 1551 equas
539 1458 678 1550 faeiat:
713 1461 767 1551 qui
793 1459 848 1532 ite
867 1453 989 1549 seeiffe
1019 1477 1197 1550 cotupeetue
1211 1459 1276 1555 fu·

66 1561 142 1636 erit,
160 1550 296 1646 Regiae
312 1553 511 1648 Majeltatis
529 1555 636 1645 laesae
652 1555 764 1626 haberi
779 1577 877 1626 reum.
926 1553 1034 1626 Crtati
1053 1553 1149 1643 sunt,
1175 1579 1278 1653 prae·

65 1669 113 1722 ter
127 1648 398 1735 Navarraeum,
415 1649 617 1736 Condaeus,
643 1670 680 1722 et
698 1647 805 1721 stater
822 1648 974 1741 ipsorum
991 1650 1177 1724 Cardinnlir
1194 1655 1277 1724 Bor-

66 1747 200 1836 bonine,
233 1767 278 1818 nc
318 1745 490 1818 Ordinem
523 1743 734 1818 convocatio
759 1745 890 1816 Meldis
912 1739 962 1812 est
996 1742 1153 1820 transs-uta
1203 1754 1285 1836 Aua

64 1839 169 1915 resine:
195 1865 274 1940 quo
300 1841 380 1914 Rex
403 1839 543 1912 militari
572 1863 671 1912 more
697 1838 807 1914 venit.
860 1836 1067 1910 Mandatum
1084 1838 1153 1920 est,
1181 1865 1220 1912 ur
1237 1845 1280 1915 fi-

68 1934 118 2010 dei
139 1936 331 2027 articuioe,
366 1961 384 2009 n
418 1937 574 2008 Soruona
605 1961 634 2012 n.
670 1957 776 2026 1542.
814 1931 1016 2019 consessus,
1049 1937 1279 2033 unusquisque

66 2033 303 2108 confiteretur.
354 2033 538 2106 Condaeue
559 2055 644 2106 vero
668 2051 705 2106 et
731 2030 818 2106 socii
844 2053 923 2102 cunr
948 2027 1179 2121 advenissent,
1203 2033 1280 2128 ipse

71 2151 143 2205 nox
174 2130 421 2208 incarcerato
447 2128 626 2224 conjectus
656 2127 724 2216 est,
761 2147 798 2202 et
828 2126 1033 2200 Navarraeo
1065 2130 1281 2224 explorando

71 2245 102 2298 et
124 2226 341 2302 obstruando
368 2223 522 2318 adjunsti
549 2227 624 2299 sunt
653 2221 775 2318 aliqui,
809 2223 946 2318 capitur
976 2220 1083 2298 etiam
1118 2227 1277 2303 Condaei

74 2320 191 2396 iocrue:
234 2321 452 2394 Andesotiue
494 2346 579 2395 vero
623 2317 832 2414 tempestive
866 2318 1073 2394 discesserat.
1123 2320 1279 2397 nerone

75 2416 106 2489 in
134 2419 341 2494 Condacum
366 2416 545 2506 instituta,
571 2414 645 2512 ipse
675 2414 846 2511 suppticiu
875 2414 995 2488 suisset
1016 2411 1191 2508 ndseiiue,
1215 2416 1280 2494 nisi

75 2510 205 2609 inopina
237 2513 356 2608 Regia
389 2534 483 2586 mors
514 2514 625 2608 ipsum
648 2498 826 2586 siberaiset.
880 2509 1077 2608 Guisrorum
1109 2512 1202 2584 eninr
1227 2535 1284 2587 ar-

78 2605 158 2684 tibue
190 2630 229 2686 et
266 2606 479 2682 commentia
509 2610 589 2684 Rex
618 2608 655 2682 in
691 2607 894 2706 opinionem
932 2627 1098 2696 uenerat,
1131 2631 1212 2684 curn
1239 2608 1279 2688 in

78 2700 172 2815 Regio
194 2703 341 2782 exitium
367 2705 587 2796 conspirasse.
637 2706 828 2799 Correptus
853 2721 969 2778 autern
995 2702 1074 2776 Rex
1103 2725 1123 2774 n
1155 2708 1282 2781 morbo

79 2804 265 2892 auriculari,
293 2799 462 2891 abscessu,
488 2801 524 2876 in
541 2801 687 2874 cerebro
704 2817 806 2888 nato,
832 2821 894 2894 par
909 2819 1026 2870 aurem
1044 2799 1282 2897 supputante,

81 2889 158 2969 inter
172 2901 298 2973 multon
313 2895 488 2970 cruciatur
512 2896 703 2992 exspiravit
725 2919 754 2969 a.
784 2903 889 2985 1560.
915 2893 1033 2967 Mens.
1060 2895 1231 2973 Decemb.

121 2987 150 3090 s.
173 2993 355 3070 ccccxl.
383 2994 510 3104 Ingena
534 3013 620 3068 tunc
642 3013 757 3065 rerum
790 2988 918 3065 accidit
950 2989 1106 3098 mutatio.
1156 2993 1285 3072 Cnroio

85 3083 138 3162 IX.
168 3090 358 3168 successore
394 3088 611 3181 muntenni,
642 3087 745 3164 divisi
778 3085 921 3160 suerunt
955 3085 1057 3159 intuo
1090 3089 1283 3182 optimatee

88 3177 161 3258 circa
180 3186 282 3359 regni
305 3181 616 3261 administratorem
641 3184 677 3260 in
701 3186 784 3257 duae
809 3181 1000 3268 saisionem
1024 3181 1197 3280 Reginam
1215 3201 1284 3261 vo·

89 3273 184 3354 iebant
251 3281 346 3373 nisui,
387 3279 636 3368 Nemorossue‚
670 3278 913 3368 Mareschnsli,
952 3279 1205 3358 Santnndraeun
1242 3301 1284 3361 et

89 3365 257 3475 Briffncue,
290 3398 327 3453 et
359 3376 549 3452 Cardinnlir
583 3376 808 3464 Turnoniue3
846 3374 903 3448 sed
930 3373 988 3448 atii
1020 3375 1285 3471 Navarraeum,

91 3487 216 3558 qnorum
246 3471 424 3572 praecipui
457 3491 557 3548 erant
590 3468 856 3561 Connestabilie,
900 3469 1108 3561 Amiraliue,
1142 3493 1179 3547 ct
1211 3477 1284 3549 duo

91 3559 138 3635 Re
158 3567 182 3644 'e
211 3573 392 3650 Navarrae
424 3569 568 3660 fratrea,
602 3569 783 3645 Condaeue
813 3565 909 3642 enirn
941 3590 1126 3640 ecarcere
1149 3587 1223 3640 erat
1246 3593 1287 3641 e·
1416 3581 1420 3586 '

93 3655 115 3733 u
247 3669 348 3772 Quae
379 3663 506 3746 nivino
538 3665 704 3838 cumsside
718 3664 843 3856 bium
865 3679 1040 3754 vereret,
1062 3661 1289 3844 Nauarum
