3000 4800
137 730 208 793 102
351 743 356 753 ·
519 688 669 797 fdfloria
690 683 819 791 occu).
844 684 962 792 (forst.

136 889 289 989 denique
308 873 461 958 Blaureri
482 867 651 950 confeffio
676 866 713 945 in
737 869 880 946 Ducatu
901 864 1229 970 Wurtenbnrgico,
1252 869 1358 950 230.

139 1012 225 1072 cero
251 973 430 1081 profecta,
462 990 501 1049 et
532 963 695 1060 defensa,
725 988 815 1066 quae
846 962 950 1041 vaide
981 983 1059 1044 erat
1091 967 1277 1066 ambigm,
1308 971 1359 1049 de

137 1101 411 1281 qu3.¹g(.'xinter
444 1185 507 1254 ea,
537 1180 628 1258 quae
659 1155 946 1235 reformationem
983 1155 1065 1232 hoc.
1082 1178 1175 1235 anno
1206 1158 1354 1258 adjuva·

136 1296 238 1366 runt,
264 1273 379 1346 locum
410 1277 562 1337 meretur
592 1251 768 1333 restitutio
799 1253 914 1331 Ulrici
951 1251 989 1328 in
1011 1253 1153 1333 Ducam
1178 1255 1359 1335 warren»

136 1373 301 1484 bergico,
324 1361 476 1470 indeque
493 1373 630 1444 ortum,
653 1352 711 1428 vel
727 1375 805 1427 eam
822 1350 995 1441 fecurunt,
1014 1350 1154 1448 padum
1169 1351 1354 1429 Cadonen·

137 1469 175 1548 fe
209 1490 247 1543 tn
278 1461 471 1545 Bohemra,
493 1452 586 1527 inter
618 1446 874 1523 Fordinandum
905 1446 1068 1544 Regem,
1092 1467 1133 1523 et
1154 1445 1357 1527 aleatorem
1383 1479 1389 1486 ·

137 1561 328 1650 saxoniae,
353 1576 434 1630 cunr
458 1545 584 1631 sociis,
606 1567 677 1641 quo
700 1540 932 1618 Ferdinandus
954 1565 1019 1640 pro
1040 1545 1147 1654 Rege
1170 1543 1357 1620 Romano·

136 1685 214 1740 rum
237 1654 288 1730 est
310 1650 469 1750 agnitus,
526 1639 700 1716 acificatio
724 1638 1031 1737 Norimbergenfir
1053 1637 1203 1715 strrstim
1229 1639 1375 1716 obsae-

135 1755 269 1846 vanda,
294 1741 468 1847 proceffus
537 1736 673 1825 rnerafis
696 1734 887 1829 inhibitio,
917 1755 957 1808 et
979 1733 1041 1810 uia
1063 1733 1222 1834 stipulata
1248 1733 1350 1827 funt,

103 1919 105 1922 ,
135 1846 250 1933 Ufrici
283 1862 422 1956 quoque
453 1832 632 1946 restitutio
655 1830 846 1928 adprobata
867 1828 939 1923 est,
965 1832 1093 1928 absque
1116 1849 1157 1906 ut
1180 1829 1357 1906 reforma·

134 1949 192 2025 tio
216 1945 326 2020 fuerrt
349 1928 555 2046 interdieta,
581 1945 716 2001 tantum
739 1927 871 2003 duabus
892 1923 1354 2020 conditioniburuestridia,

135 2021 1099 2231 tittd‘sistttssfditt·sntai¹f²‘nt¹:5sitf¹‘
1112 2020 1389 2218 faita

135 2254 178 2312 to
201 2224 406 2329 praestando
433 2214 588 2296 adcurati
612 2215 755 2313 quidem
774 2214 917 2289 fuerunt
932 2211 1185 2306 Protesttnter,
1207 2212 1265 2289 fed
1283 2213 1352 2290 rni-

134 2352 200 2408 nus
222 2320 421 2410 Pontificii,
445 2335 525 2391 curn
548 2307 722 2408 proceffus
738 2310 925 2385 Camerafis
942 2332 1012 2383 non
1026 2308 1222 2385 cessaverit.
1263 2312 1353 2386 Cre·

133 2427 191 2505 vit
212 2423 329 2517 itaque
352 2418 395 2490 ab
419 2435 465 2486 eo
489 2427 646 2499 tempore
672 2405 877 2479 reformatio
901 2428 967 2500 per
991 2425 1061 2478 tres
1082 2407 1235 2481 eximios
1258 2404 1351 2479 Ger.

133 2518 272 2600 maniae
297 2515 469 2595 Ducatus,
498 2503 823 2595 Wurtenbergicum,
847 2501 1110 2590 Pomerarricum,
1132 2522 1170 2577 et
1192 2499 1353 2599 Brunsvis

133 2610 269 2709 oensem.
310 2609 368 2681 De
399 2624 470 2698 quo
495 2594 611 2692 paucis
634 2594 692 2704 est·
709 2594 907 2680 dicendum.
961 2598 1117 2685 Ulricus,
1149 2596 1228 2696 post
1251 2620 1351 2672 mora

133 2731 209 2789 tem
234 2693 469 2781 Maximitiani
495 2693 735 2788 inperatoris,
754 2714 785 2767 a.
814 2712 920 2782 1519.
943 2690 1086 2767 Ducatu
1108 2691 1170 2769 suo
1193 2693 1350 2792 pervim

133 2833 155 2889 ι
184 2799 332 2880 Sueviae
355 2787 616 2871 confoederatis
629 2785 782 2882 ejefiur,
807 2784 967 2882 confugit
982 2788 1024 2861 ad
1041 2786 1240 2886 Philippum
1256 2788 1352 2865 Haf-

134 2905 203 2985 fine
233 2889 515 2990 Landgraviom,
544 2883 841 2992 consanguineum
872 2882 991 2972 suum;
1025 2883 1080 2958 ubi
1102 2906 1183 2960 cum
1206 2907 1253 2960 ex
1276 2885 1354 2961 Luc

135 2997 229 3078 theri
260 2989 418 3086 scriptis,
452 2978 618 3063 Haffiacrs
640 2977 889 3068 concionibus,
921 2978 1109 3075 praecipue
1133 2979 1350 3059 Hartmannf

136 3115 176 3174 et
199 3079 396 3178 Cronbergi
416 3073 614 3171 colloquiis,
639 3077 816 3167 puriorem
840 3071 1029 3149 doctrinam
1054 3076 1124 3149 alte
1147 3074 1349 3170 inbibiffet;

135 3190 241 3276 dein,
264 3178 343 3281 post
357 3173 558 3275 quindecim
573 3190 740 3245 annorum
756 3170 922 3281 erilium,
945 3168 1048 3246 armis
1063 3171 1215 3270 Philippi
1231 3173 1351 3260 Landq

137 3280 252 3387 gravii
282 3278 320 3352 in
353 3276 530 3348 Ducatum
565 3264 659 3340 fuum
688 3265 888 3357 restitutus,
914 3290 1055 3341 manum
1079 3289 1163 3340 mox
1187 3266 1351 3343 admovit

137 3369 409 3458 reformationi,
433 3382 722 3537 oferappraeter
751 3361 854 3452 aliur,
886 3361 925 3436 in
952 3361 1074 3459 primis
1098 3360 1176 3437 usur
1198 3360 1351 3441 Erhardi

88 3568 90 3571 Ι
137 3467 339 3567 Schnepfii,
369 3483 407 3538 et
431 3464 603 3549 Baurert,
628 3482 647 3533 a
670 3455 984 3567 §uastantiensrbur
1007 3456 1116 3550 milit,
1140 3458 1235 3535 iuter
1256 3481 1350 3558 quor

136 3575 296 3655 Ducatus
318 3559 515 3638 moderatio
541 3552 592 3629 est
614 3551 743 3642 divisa,
769 3552 962 3648 Stutgardia
986 3552 1174 3644 inferiore,
1197 3555 1353 3631 tt'nobi·

137 3670 223 3750 liure
247 3664 319 3759 ejus
335 3675 453 3762 parte,
478 3650 686 3747 Schnepfio,
710 3666 748 3721 et
764 3649 1097 3745 BlaureroTubinga
1111 3651 1291 3748 superiore
1308 3674 1351 3728 ao

136 3767 184 3846 Al
210 3752 453 3835 ibusSueoicrs
466 3747 603 3834 vicina,
620 3741 808 3819 commissa.
828 3746 997 3819 Succeffit
1011 3765 1125 3819 autem
1142 3746 1353 3824 reformatio

137 3855 313 3943 feliciter,
327 3869 367 3925 et
383 3841 573 3955 Academia
587 3842 625 3916 T
628 3840 821 3952 ubingenfis
834 3838 1012 3938 insigniter
1026 3838 1077 3917 est
1093 3839 1280 3919 instaurata
1289 3864 1354 3935 ,et

136 3959 277 4038 dotata,
304 3947 396 4021 unde
422 3961 494 4037 aptr
511 3939 653 4047 mmrstrt
667 3939 768 4010 brevi
786 3939 862 4012 sunt
877 3936 1016 4028 exorti,
1039 3956 1075 4010 et
1090 3958 1155 4034 per
1170 3940 1352 4020 Ducatum

135 4052 237 4131 miffi.
256 4049 343 4122 Cum
360 4058 475 4137 autem
490 4036 561 4109 duo
575 4032 979 4124 rllimoderarores,licet
988 4033 1164 4131 imaginer-
1173 4035 1351 4131 ejecerint

135 4146 319 4253 Templis,
346 4157 384 4224 ut
408 4129 612 4218 abiuravit
630 4132 822 4228 scultetus,
845 4131 938 4215 eirca
954 4129 1352 4240 -auconiuiannruen-

1219 4244 1350 4328 urent,
