3098 4436
626 255 630 323 ζ
706 237 811 318 Srcni.
836 240 937 319 XVI.
1240 261 1244 270 ’
1362 265 1397 338 3;

218 417 392 507 detentos,
417 415 560 515 quando
598 416 704 492 fidem
731 415 899 512 profeffus
920 415 1156 494 orthodoxam
1183 417 1348 494 liberatus
1369 429 1398 492 et

215 515 281 588 Sed
304 515 346 586 de
372 513 632 586 socinianismo
656 511 779 606 postea
803 537 914 608 agam.

257 607 287 706 d.
310 609 571 683 CCCLXXIV.
605 609 779 704 Jaiturarn
813 609 951 702 quidem
983 609 1072 682 haud
1106 610 1219 683 levem
1253 610 1341 683 iecit
1366 611 1398 682 Ε

216 704 312 777 etesia
331 725 361 778 o
386 727 520 798 1572„
545 725 658 777 morte
675 706 820 778 duorum
835 704 982 778 heroum
1000 705 1278 800 euangelicorurn
1297 709 1398 802 Stirpis

219 802 250 870 ni
275 801 469 895 sangnini,
496 800 595 895 cujus
620 801 716 888 vita,
743 821 864 874 autore
888 801 1069 872 scaricaeo
1095 800 1293 888 Pannonio,
1322 824 1359 874 et
1376 827 1399 874 ar

242 895 319 981 urii,
342 895 460 972 exstat
483 893 519 969 in
550 893 677 968 scrinio
707 891 865 969 Gerdesri
897 913 984 968 toro.
1009 895 1098 984 Vr,
1131 915 1170 968 et
1194 899 1286 969 Petri
1310 899 1399 970 Meli

215 917 268 1062 ier
295 993 447 1066 multum
479 991 560 1066 boni
592 990 813 1086 recuperavit
836 989 874 1062 irr
899 991 1061 1085 Stephano
1087 993 1244 1077 Barbori,
1280 995 1339 1088 qui
1372 995 1399 1090 Jt

215 1085 314 1158 hanni
340 1088 415 1179 11.‚
448 1084 600 1182 Principi
624 1085 758 1160 faventi
784 1084 945 1172 Arianis,
977 1086 1133 1161 succeffit
1160 1087 1197 1161 in
1225 1087 1397 1185 Transylv

215 1179 284 1271 nia,
314 1183 374 1278 qui
409 1183 614 1258 socinianos
644 1182 718 1256 aula
751 1182 808 1254 sua
838 1183 985 1278 expulit.
1044 1179 1189 1278 Jesoiras
1218 1182 1359 1280 quidem
1396 1189 1399 1256 i

215 1299 355 1371 regnum
391 1276 551 1364 admisrt,
587 1277 677 1374 quod
713 1277 779 1372 ipss
814 1277 901 1350 vitio
930 1279 1094 1366 vertitur,
1122 1276 1238 1352 sedse
1261 1281 1303 1350 ab
1329 1277 1400 1374 ipss:

215 1390 249 1444 et
265 1373 479 1462 Mouchis,
503 1370 640 1447 incitari
659 1371 701 1446 ad
720 1371 942 1448 Reformatos
960 1372 1134 1448 vexandos
1150 1371 1258 1468 paffus
1272 1395 1342 1448 non
1361 1371 1400 1446 ei

215 1467 278 1540 hac
299 1469 379 1546 data
405 1466 647 1565 responsione,
664 1467 706 1564 ss
728 1468 853 1564 Regem
878 1466 938 1564 effe
958 1471 1160 1564 populorum,
1186 1493 1245 1542 non
1269 1470 1400 1562 conscio

217 1566 352 1654 rinnsrn3
376 1571 447 1640 tria
478 1568 576 1638 etiarn
606 1565 711 1637 Deum
727 1562 797 1656 sthi
819 1565 1009 1660 resernoffe,
1036 1590 1147 1640 srrnrs
1171 1569 1295 1660 aliquid
1317 1591 1359 1640 rx
1383 1591 1400 1638 n

218 1659 293 1750 iiio,
313 1659 484 1758 praenoffe
495 1659 639 1756 fotura,
664 1677 695 1770 st
719 1660 922 1748 conscientiis
944 1665 1113 1770 dominpsi.
1152 1665 1227 1770 'Cui
1250 1663 1400 1735 concinit

221 1756 544 1948 {titinio
563 1755 1401 1946 itidizrizitti?stsstiniti,“⁰trii⁰n

216 1943 408 2046 Issinseffe
431 1951 586 2022 dominari
610 1945 834 2044 conscientiis,
866 1949 901 2018 isi
923 1951 1004 2019 eninr
1023 1942 1088 2115 ppl‘r
1110 1944 1317 2054 soriiartsnt
1342 1952 1401 2018 inst

224 2045 299 2116 iere.
338 2046 427 2120 Fuit
444 2063 565 2120 cetero
591 2043 651 2116 uio
668 2041 808 2138 Jeiuitis
825 2042 925 2117 valde
942 2040 1021 2116 addi
1060 2065 1116 2130 us,
1142 2063 1220 2135 qur,
1246 2063 1354 2138 opera
1374 2041 1401 2137 Js

223 2135 337 2215 hinnis
359 2139 490 2229 Letoi,
516 2068 662 2246 codegia
685 2136 830 2249 primurn
856 2137 893 2212 irr
922 2139 1192 2249 Tronsyivania,
1217 2137 1401 2232 Claudiopc

225 2250 257 2304 tt
271 2235 380 2312 Albae
400 2237 532 2332 Juliae,
556 2235 638 2308 dern
654 2251 760 2309 ettam
777 2235 813 2306 in
832 2234 1005 2331 Huogarra
1022 2233 1227 2323 fundarunt,
1254 2255 1283 2307 t.
1306 2243 1399 2324 1585

225 2349 362 2424 quorum
396 2331 543 2428 collegit
566 2329 678 2404 -etiam
712 2327 772 2404 sub
796 2329 904 2404 finem
932 2331 1028 2405 vitae
1051 2329 1315 2405 commendavit
1331 2332 1402 2426 Sigi

225 2429 349 2504 muodo
391 2427 589 2516 Bathoreo,
631 2421 811 2501 succeiiori
851 2425 911 2500 stro
957 2425 993 2500 in
1030 2421 1290 2521 Transyirania.
1341 2427 1402 2524 Qu:

225 2519 301 2596 lieet
327 2521 472 2622 Jesuitis
502 2523 536 2597 se
568 2520 830 2610 educationem,
862 2517 1137 2606 institutionem,¹
1161 2520 1294 2615 aliaque
1326 2525 1402 2594 molt

227 2613 345 2695 debere
370 2617 541 2717 professus
566 2617 624 2708 srt,
650 2615 730 2692 iliud
758 2638 828 2690 non
852 2635 985 2694 tanturn
1009 2639 1079 2691 oon
1104 2614 1292 2712 praestitit,
1319 2615 1373 2694 sed
1399 2647 1402 2684 t

228 2713 265 2786 td
292 2717 458 2792 statuum
488 2713 670 2788 continuas
692 2708 873 2786 instantias
893 2735 924 2784 a.
954 2721 1060 2804 1589.
1080 2710 1285 2800 'constituit,
1310 2731 1348 2784 ut
1373 2712 1402 2808 J<

228 2805 324 2887 initae
358 2809 449 2884 intra
478 2807 673 2906 quindecim
703 2805 779 2882 dies
803 2807 1018 2882 excederent
1048 2809 1185 2882 ditione
1211 2807 1277 2880 soa.
1329 2811 1402 2903 Cujr

228 2901 302 2980 fatti
325 2905 453 2982 seriem
476 2929 497 2978 e
521 2903 668 3001 publicis
688 2903 909 2978 documentis
932 2903 1077 3012 enipibet
1097 2903 1230 2994 historin
1253 2903 1402 3014 diplomat

228 2998 959 3198 &timiditatiritorto,
980 3019 1031 3168 'is
1049 2997 1350 3186 tottii&
1367 3003 1402 3166 ei

232 3213 279 3265 tro
308 3195 523 3281 violentum,
550 3189 792 3303 propagandae
823 3190 1008 3286 religionis
1039 3187 1213 3278 studium,
1246 3188 1402 3288 multasqr

231 3291 499 3368 machinationes
521 3287 619 3366 airas.
644 3309 665 3362 a
688 3287 812 3395 quibus
835 3287 936 3381 regni
962 3285 1176 3360 metuebatur
1197 3285 1306 3362 ruina.

268 3385 297 3485 i.
321 3383 563 3462 CCCLXXV.
595 3383 729 3458 Profuit
759 3381 860 3456 etiarn
892 3381 1110 3480 Euangeiicis
1138 3385 1284 3456 muttum
1318 3405 1402 3461 exer

230 3478 283 3574 plo
311 3484 395 3575 suo,
420 3501 488 3577 quo
518 3477 786 3554 Pontificiorum
818 3477 949 3554 animos
970 3477 1120 3555 reddidit
1146 3477 1402 3554 Reformttiss

232 3580 417 3670 ventiores,
450 3575 598 3651 Andrias
614 3575 810 3660 Ouindion,
844 3577 1035 3672 Episcopus
1059 3573 1402 3672 Quinquecclesrenirs

234 3675 287 3764 qui
314 3673 398 3758 iteri
426 3671 559 3754 ordinis
588 3670 795 3850 Hungaripp
819 3673 961 3748 nomine
984 3671 1049 3752 itit
1071 3671 1115 3750 td
1139 3669 1328 3838 concilppm
1338 3669 1402 3844 gr

796 3785 888 3866 aaa
1281 3779 1336 3842 eut
1378 3788 1402 3848 o
