3224 4446
277 275 323 368 38
663 262 816 368 Historia
837 264 965 366 Ecdes.
992 261 1112 366 Christ.

326 450 359 549 §.
387 447 556 526 xxxttt.
583 444 825 524 concionibua
848 440 942 524 hisce
957 442 1242 544 extemporrueir
1260 461 1333 520 nun
1346 457 1494 520 contem

282 565 341 624 tuo
373 545 569 635 Lutherus,
600 563 774 634 mentem,
806 569 889 621 mox
920 544 1020 620 edito
1052 543 1166 634 libro,
1204 541 1249 617 de
1280 547 1494 618 commnione

274 643 344 742 sud
376 661 531 736 utraque,
564 657 598 714 rt
624 647 882 718 innovationibus
901 639 1132 735 Carolostodii,
1156 637 1280 714 clariur
1302 636 1492 736 explicuit,

285 761 433 814 etcum
467 737 610 833 publico
641 735 926 814 communicavit.
975 736 1056 837 Quo
1088 733 1125 811 in
1160 735 1249 810 libro
1278 736 1489 824 contendit,

281 832 564 912 communionem
597 833 658 906 suu
693 853 759 910 unu
795 834 913 932 specie
947 833 1102 908 noudum
1124 831 1300 907 violenter
1321 833 1492 929 abrogan-

281 931 380 1022 dam,
411 929 468 1004 sed
495 927 632 1040 publice
661 931 897 1018 retinendam,
930 931 987 1005 seu
1017 929 1254 1020 tolerandam,
1285 929 1400 1004 donec
1423 929 1490 1000 ho·

281 1025 393 1102 minet
418 1024 545 1101 reditui
566 1023 795 1120 instruantur,
828 1031 956 1124 abique
980 1045 1098 1100 tamen
1122 1045 1160 1100 ut
1184 1023 1376 1120 repellendi
1399 1020 1488 1110 sunt,

282 1121 343 1222 qui
367 1123 427 1197 sub
451 1143 596 1218 utraque
619 1122 752 1215 velint,
783 1124 892 1198 modo
909 1122 983 1196 fine
1005 1123 1150 1196 aliorum
1174 1120 1328 1197 scaduno
1351 1117 1389 1194 id
1410 1115 1489 1192 fieri

279 1219 394 1319 poffit.
445 1216 587 1292 Miffam
612 1240 752 1316 quoquc
778 1219 961 1293 constituit
984 1217 1098 1292 veteri
1122 1218 1213 1306 ritu,
1231 1235 1270 1289 et
1286 1211 1403 1311 fingua
1420 1215 1489 1287 La·

277 1317 377 1404 tina,
402 1313 518 1389 adhuc
534 1314 723 1406 celebrari,
750 1338 874 1390 verum
893 1337 972 1390 cum
990 1313 1260 1401 communione,
1285 1328 1322 1384 et
1345 1310 1488 1408 praevia

274 1412 383 1490 libera
413 1409 647 1498 confeffione,
680 1411 988 1508 participantium,
1019 1410 1147 1484 omiffii
1170 1427 1286 1482 tameo
1306 1404 1486 1496 formulis,

279 1507 324 1584 ad
340 1505 543 1582 sacrificium
560 1505 813 1600 spedantibus,
836 1529 890 1594 et,
921 1529 1023 1606 quem
1044 1523 1196 1593 vocant,
1223 1523 1353 1582 canona
1382 1505 1487 1577 Prae·

275 1621 377 1678 terea
401 1601 616 1691 sacerdotes,
644 1603 703 1698 qui
729 1602 914 1677 solitariam
948 1601 1080 1676 miffam
1102 1600 1260 1676 recusant
1276 1597 1488 1674 intermitte-

275 1721 333 1791 re,
358 1697 559 1776 tolerandos
581 1698 676 1790 vult,
700 1721 770 1772 non
786 1701 1039 1789 removendos,
1063 1695 1231 1794 conjugia
1249 1717 1387 1792 quoque
1419 1696 1483 1769 Sa·

273 1795 459 1872 cerdotum
488 1813 529 1870 et
553 1795 816 1870 Monachorum
839 1795 908 1869 effe
928 1796 1060 1869 debere
1091 1794 1207 1867 libera.
1254 1793 1393 1867 interca
1415 1789 1485 1866 hac

272 1891 514 1970 moderatione
535 1890 676 1966 nonest
694 1893 768 1968 uiuo
786 1915 870 1988 erga
886 1890 1114 1980 Pontificem,
1133 1911 1172 1964 et
1187 1887 1397 1986 Episcopor,
1421 1885 1484 1984 qui

274 2011 382 2064 verae
397 1989 597 2070 doetrinae,
621 1986 763 2083 ejusque
785 1990 993 2075 fautoribur,
1021 2007 1092 2059 non
1109 1983 1278 2059 certarent
1291 1981 1483 2073 adversari,

274 2083 333 2160 uti
358 2081 398 2156 iu
430 2083 518 2155 libro
546 2081 700 2175 aduersus
724 2081 819 2174 fallo
848 2083 1044 2153 nummatum
1074 2079 1196 2172 fiotum
1221 2076 1483 2174 Eccleliasticm

274 2181 416 2274 Pupio,
434 2193 467 2249 et
495 2176 743 2271 Episcopurum,
768 2173 1038 2265 demonstravit,
1063 2177 1099 2248 in
1123 2200 1194 2274 quo
1210 2196 1332 2251 verum
1354 2173 1484 2250 descri-

275 2275 331 2350 bit
355 2272 629 2370 Episcopatum,
662 2289 699 2342 et
722 2271 811 2344 vitia
835 2271 1049 2345 clericorum
1076 2271 1172 2347 vivis
1196 2269 1360 2367 depingit
1384 2271 1484 2344 colo·

272 2371 381 2446 tibur.
420 2370 604 2442 Praeterea
634 2367 754 2441 tottam
787 2389 925 2462 quoque
957 2369 1047 2439 suam
1074 2367 1158 2442 huic
1187 2367 1280 2440 libro
1305 2365 1481 2457 inseruit,

272 2463 391 2563 Papali
417 2459 632 2560 oppostram,
664 2485 730 2556 qua
750 2460 895 2535 dilettos
914 2463 979 2536 Dei
997 2463 1106 2549 filios,
1131 2480 1169 2536 et
1191 2483 1296 2534 vetor
1317 2459 1483 2537 Christia-

273 2585 358 2650 nos,
383 2583 445 2640 eoa
468 2559 617 2653 adpellat
645 2558 750 2645 solon,
776 2558 836 2654 qui
862 2557 978 2633 omnia
1002 2557 1060 2632 sua
1084 2558 1122 2632 in
1146 2559 1183 2631 id
1202 2557 1418 2654 inpendunt,
1442 2575 1484 2631 ur

273 2655 502 2751 Episcopatus
523 2650 738 2740 devastetur,
778 2673 818 2724 et
840 2651 1091 2759 Episcopotum
1122 2655 1280 2748 regimen
1309 2651 1482 2747 exstirpe·

276 2771 357 2842 tur,
398 2771 469 2824 non
493 2747 588 2822 ferro
613 2767 747 2836 tamen,
775 2750 831 2820 uel
855 2770 910 2839 vt,
940 2746 1000 2821 sed
1024 2749 1137 2822 verbo
1159 2746 1251 2836 Dei,
1283 2749 1340 2822 vel
1365 2749 1484 2824 saitem

275 2846 322 2924 iio
345 2863 495 2936 negetur
517 2843 726 2917 obedientia.
775 2845 914 2918 Acerbe
938 2861 1113 2940 praeterea
1134 2842 1173 2918 in
1196 2866 1260 2918 eor
1280 2842 1490 2938 invehitur,

273 2941 367 3040 quod
391 2937 570 3048 Euangelii
595 2937 789 3012 dottriuam
818 2940 1004 3030 damnent,
1028 2961 1067 3014 et
1090 2938 1358 3036 persequantur,
1381 2939 1482 3014 addi·

274 3059 316 3114 to
341 3034 470 3125 etiam,
493 3032 670 3121 nuutiiem,
696 3034 780 3130 quin
804 3032 884 3131 ipsis
902 3036 1063 3124 noxiam,
1089 3057 1150 3107 eor
1173 3050 1301 3114 nauare
1324 3055 1480 3133 operanti

274 3133 359 3230 Quo
381 3133 471 3204 libro
493 3129 721 3202 vehementer
743 3128 926 3204 admodum
950 3131 1104 3206 irritavit
1127 3129 1338 3227 Episcopot,
1364 3131 1485 3208 Abba·

274 3247 348 3315 tei,
373 3225 592 3317 Monachus,
616 3243 653 3298 et
679 3241 790 3298 totam
813 3227 902 3299 iiiam
925 3225 1038 3323 Papae
1062 3227 1259 3299 cohortem.

253 3344 285 3379 ··
319 3321 351 3421 ς.
374 3320 548 3396 xxxiv.
592 3320 791 3394 Enarranda
830 3321 959 3396 restant
999 3321 1266 3396 Pontificiorum
1303 3320 1484 3398 conamina

272 3436 401 3494 contra
437 3415 676 3504 Reformatos,
708 3437 775 3490 una
814 3436 894 3492 curn
933 3417 1193 3494 reformationis
1232 3412 1410 3514 progreffu
1442 3417 1482 3492 iu

272 3509 480 3590 Germania:
505 3510 550 3584 de
567 3533 631 3607 qua
654 3509 719 3584 sola
743 3533 836 3586 nunc
858 3511 1002 3611 agimur.
1053 3513 1115 3587 Ne
1130 3537 1171 3589 ea
1187 3532 1365 3609 repetam,
1390 3531 1481 3608 quac

267 3611 312 3682 de
327 3615 509 3684 conuentu
527 3607 724 3702 Principum
741 3605 1007 3706 Norinbetgae,
1033 3608 1198 3705 aliisque.
1224 3607 1332 3683 modo
1358 3627 1482 3704 protu-

260 3705 302 3794 t,
338 3700 609 3802 ferdinandus„¹
630 3699 791 3781 nustriae
822 3706 1007 3804 Princept,
1039 3705 1154 3782 Caroli
1180 3707 1229 3785 V.
1255 3704 1385 3798 frater,
1410 3703 1484 3813 sag·
