3098 4436
308 301 378 376 3¹2
689 269 837 370 Historia
860 271 988 371 Eccles.
1016 271 1130 372 Christ.

305 449 621 534 communicabant.
674 447 750 548 Qua
774 449 832 522 lite
858 449 1021 542 durante,
1048 473 1141 526 nova
1155 471 1234 526 cum
1254 475 1328 526 uno
1341 449 1493 526 Pastorum

306 551 449 628 Garnrdo
480 547 656 620 Biokbouen
687 567 763 618 orta
794 543 845 616 est
876 571 906 621 a.
937 569 1042 639 1594.
1094 544 1284 622 Accusatus
1314 570 1395 623 eum
1428 545 1494 620 eset

305 671 326 724 a
359 643 638 740 Ludimagistro,
669 641 762 736 quod
802 640 961 734 diaiiiet,
993 645 1101 717 fidem
1133 643 1205 716 fine
1235 645 1395 740 operibus
1425 639 1494 714 nihil
1532 635 1533 692 i

303 743 441 829 valere,
483 761 550 814 nec
587 760 667 810 cum
702 735 758 809 tali
798 734 868 808 fide
907 737 1127 836 conjunttam
1159 739 1228 814 effe
1257 739 1495 836 inpurationen

299 837 454 936 justitiae
493 831 640 923 Christi,
680 828 804 928 reliqui
844 833 999 908 Pastorea
1029 836 1096 909 alia
1133 833 1364 930 adjunxerunt
1401 835 1496 908 mino

302 936 384 1009 sana
409 930 541 1022 capita,
574 951 721 1028 quorum
746 949 826 1000 eum
849 927 1041 1025 suspeetum
1066 931 1254 1022 habebant,
1286 932 1379 1006 circa
1401 927 1499 1022 Scrip·

305 1047 416 1104 turatn
444 1028 500 1114 S.‚
524 1023 898 1123 praedestinationem,
924 1023 1216 1116 satiafadiionem,
1240 1047 1421 1120 peceatum
1439 1019 1497 1098 ori·

301 1125 438 1222 ginale,
474 1123 626 1198 liberum
656 1118 856 1206 arbitrium,
895 1137 931 1194 et
963 1119 1219 1218 perfestionern
1253 1121 1441 1198 uiuorum
1465 1119 1497 1192 in
1533 1169 1534 1196 r

300 1225 369 1296 bac
402 1217 485 1295 vita.
534 1217 599 1291 Sed
634 1237 701 1312 pax
735 1213 896 1304 tandem,
930 1215 1008 1306 post
1031 1214 1142 1292 variat
1164 1219 1387 1310 certationes,
1416 1211 1498 1313 Junii

301 1337 441 1412 quoque
466 1307 765 1397 intercessionem,
797 1307 867 1382 srne
891 1308 1044 1403 effectu,
1077 1313 1162 1388 inita
1186 1311 1238 1386 est
1263 1315 1308 1388 ad
1333 1309 1499 1388 conieffio·

12 1383 71 1402 ..
159 1453 162 1458 ·
299 1433 383 1486 nem
414 1410 560 1505 aliquam
593 1430 613 1481 a
644 1405 849 1476 Blokboven
881 1405 1019 1499 datam,
1050 1431 1152 1504 quarn
1183 1409 1328 1482 exhibet
1357 1411 1440 1496 Bnr,
1467 1403 1498 1476 in

195 1515 199 1534 '
298 1505 441 1602 quade
473 1497 806 1597 praedestinatione,
839 1517 875 1574 et
905 1523 1024 1577 amore
1048 1504 1120 1578 Dei
1159 1523 1239 1600 erga
1274 1525 1412 1592 omnes,
1441 1519 1497 1572 nec

295 1596 606 1770 ¹nonusuiiicientia
630 1595 755 1670 mortio
772 1591 900 1672 Christi
915 1619 984 1694 pro
1000 1599 1181 1690 omnibua,
1203 1601 1314 1698 paulo
1330 1595 1497 1674 modestior
1534 1649 1535 1666 r

357 1715 459 1767 uitur.

366 1847 375 1866 .
401 1787 592 1866 CCCXIV.
624 1787 756 1864 Graves
778 1785 914 1883 insuper
937 1787 1017 1864 lites
1042 1787 1081 1863 in
1105 1789 1292 1866 Holiandia
1309 1785 1494 1886 septentrio·

296 1888 367 1963 naii
391 1907 622 1962 exercuerunt
647 1885 865 1959 Ecciefiastaa
889 1909 968 1958 curn
1004 1887 1171 1961 Cornelio
1194 1886 1380 1984 Wiggerts
1410 1887 1492 1960 Hor·

295 2006 407 2070 nano,
442 2003 479 2055 et
507 1983 656 2057 Takone
684 1981 850 2051 Sibrandz
886 1979 1124 2071 Medenbiici,
1164 1979 1372 2057 Pastoribut.
1416 1981 1490 2054 Corn

291 2075 632 2247 tinniit
646 2073 1490 2263 ‘ti{dissentiatisiiiiii

849 2221 860 2258 9

291 2264 393 2343 cerit.
431 2265 592 2337 Cornelius
619 2265 810 2359 Wiggerts,
836 2263 1005 2361 suspediur
1027 2265 1227 2356 dodirinae,
1252 2289 1430 2364 arecepta
1443 2264 1487 2340 di·

290 2361 429 2450 versae,
464 2357 593 2450 fedius,
626 2369 719 2458 qnod
755 2361 793 2434 in
823 2360 979 2434 formulis
1006 2363 1186 2456 baptismi,
1220 2381 1259 2436 et
1284 2367 1483 2461 publicarunt

287 2479 433 2556 precum
458 2476 540 2530 ante
561 2456 791 2543 concionem,
818 2457 982 2552 quaedam
1008 2456 1126 2532 soiitnt
1153 2457 1239 2534 esset
1264 2458 1482 2546 inmutare,a

289 2553 434 2651 Synodo
459 2551 640 2626 Edamenst
656 2549 695 2626 'a.
720 2573 827 2644 1592.
856 2571 1018 2642 vocatus,
1053 2558 1288 2628 uenationem
1314 2555 1396 2632 fidei
1415 2549 1481 2626 red·

287 2655 407 2734 deret,
433 2667 469 2719 et
492 2671 571 2722 cum
596 2649 739 2748 Synodo
763 2645 955 2736 conferret,
982 2647 1018 2720 id
1045 2671 1117 2723 non
1142 2647 1203 2726 nisi
1223 2650 1358 2748 scripto
1374 2645 1479 2724 uoluit.

289 2743 458 2822 Traditae
482 2745 597 2838 itaque
620 2741 685 2838 ipsi
711 2747 789 2818 sunt
814 2744 947 2846 septem
974 2743 1208 2839 quaestioner,
1233 2745 1276 2818 ad
1293 2743 1480 2844 qnarscrip·

288 2861 328 2918 to
353 2835 542 2934 respondit.
589 2837 708 2913 Exstat
732 2837 884 2934 Epistola
907 2840 982 2934 ejus
1005 2840 1046 2910 ad
1064 2840 1165 2913 Nord
1188 2841 1411 2918 Holiandicae
1425 2839 1478 2933 Sy·

286 2935 372 3013 nodi
406 2934 541 3022 ciaffet,
574 2933 666 3009 inter
698 2933 867 3028 Epistola:
897 2931 1119 3008 Eruditornm
1155 2937 1474 3016 Remoustrantium.

284 3031 455 3110 Versatae
483 3027 623 3103 fuerunt
673 3029 968 3106 uaestionencirca
987 3050 1170 3126 peccatum
1188 3031 1240 3103 ori
1268 3033 1376 3120 inaie,
1400 3023 1476 3125 ejus·

284 3152 352 3226 que
383 3121 511 3232 effebia
540 3123 577 3197 in
610 3055 816 3214 insontibus,
842 3143 879 3198 et
913 3125 1071 3220 reliquias
1107 3125 1145 3200 in
1178 3055 1311 3204 fandis.
1365 3127 1475 3221 Liquet

282 3243 399 3298 autem
424 3220 512 3293 mrht
538 3241 584 3294 ex
616 3221 785 3315 responsu
815 3219 906 3316 ejus,
934 3221 1046 3317 ipsum
1070 3218 1234 3296 statuisse·
1258 3247 1289 3297 r.
1316 3223 1401 3298 sicut
1419 3241 1472 3316 ge·

281 3341 346 3393 nna
364 3319 548 3390 humanum
563 3313 599 3386 in
617 3316 777 3402 Adamo,
795 3335 830 3386 et
849 3337 929 3390 cum
947 3338 1015 3406 eo,
1041 3318 1168 3412 lapsum
1186 3315 1256 3407 est,
1281 3317 1330 3394 ita
1345 3315 1470 3394 foedere

307 3414 433 3502 fatiae,
472 3432 553 3482 com
588 3408 726 3484 Adamo
757 3407 895 3500 erecto,
926 3411 1019 3486 idern
1059 3431 1167 3509 genua
1198 3411 1469 3509 comprehensum

280 3439 399 3598 suine,
426 3505 534 3582 modo
560 3503 655 3602 leges
684 3504 836 3579 foederis
867 3527 938 3583 non
963 3506 1098 3582 violent
1122 3507 1303 3598 hominm
1330 3511 1468 3602 adeoque

278 3605 476 3704 simpliciter
498 3605 556 3675 et'.
565 3602 717 3676 absolute
743 3599 814 3676 dici
838 3623 910 3677 non
938 3601 1054 3698 posse,
1085 3620 1267 3698 peccatum
1291 3602 1411 3682 Adami
1432 3595 1469 3706 ad

275 3705 506 3802 privationem
546 3697 711 3800 imaginis
751 3697 843 3793 Dei,
882 3716 918 3776 et
949 3698 1301 3800 condemnationem,
1330 3701 1465 3794 inputari

1320 3785 1464 3898 nnn,
