3098 4436
309 279 381 376 336
692 263 836 368 ffifloriu
861 261 989 366 Eresos.
1017 257 1133 362 Clrul.

259 507 262 514 ⁴
309 453 508 540 turbarent,
532 447 588 522 vel
614 445 833 548 inpedirent,
857 467 898 520 ac
921 441 1073 520 Mariam
1090 438 1128 515 in
1145 439 1273 514 throno
1286 434 1477 512 collocarent.

309 551 432 624 Vitam
458 567 538 620 cunr
560 563 674 620 morte
700 543 930 620 eommutavit
958 543 1040 616 Rex
1062 561 1095 613 a.
1120 558 1248 630 1547·‚
1271 555 1351 608 eum
1374 538 1417 622 5⁶
1435 551 1481 602 an·

307 667 373 720 noa
404 640 566 730 vixisset,
598 663 634 716 et
672 663 719 738 37
750 639 946 740 regnasset,
976 631 1118 710 nomine
1150 628 1274 706 relifio
1301 627 1414 705 infami
1434 645 1481 732 per
1529 603 1530 654 Ν

307 737 523 838 tyrannicam
554 736 868 834 gubernationem,
900 755 965 830 qua
993 731 1141 804 multum
1172 725 1300 802 effudit
1319 722 1482 832 sanguina,

303 857 380 908 uon
403 832 683 910 reformatorum
716 851 870 923 tantum,
902 831 959 903 led
986 843 1023 900 et
1047 823 1327 913 Pontificiorum,
1355 841 1410 917 qur
1430 819 1484 890 Pn-

305 930 414 1004 marui
442 930 517 1024 ejus
544 929 580 1003 se
613 930 866 1028 opposuerunt,
899 945 937 998 er
960 923 1131 1020 Reginam
1152 919 1399 993 defenderunt:
1419 931 1485 1019 quo

306 1047 382 1100 rum
417 1028 524 1100 multa
558 1027 702 1119 protulit
735 1025 892 1120 exempla
922 1023 1052 1094 Burnet
1082 1017 1103 1090 l.
1137 1017 1201 1088 lsi.
1256 1016 1431 1088 Primatum
1453 1026 1484 1114 ¹.¹¹

305 1121 471 1196 omnibus
499 1120 714 1210 aclionibur,
746 1119 789 1196 ad
824 1114 1030 1214 religionem
1061 1110 1312 1208 sortientibus,
1342 1109 1378 1182 in
1398 1103 1484 1179 oculu

307 1216 448 1305 habuit,
482 1219 569 1290 adeo
601 1239 638 1292 ut
668 1237 790 1290 omnea
816 1215 852 1291 id
876 1212 1038 1301 credere,
1065 1209 1118 1282 vel
1142 1205 1324 1304 profiteri,
1340 1203 1486 1284 voluerut,
1529 1223 1530 1290 l

305 1312 398 1411 quod
423 1311 487 1406 ipsi
513 1317 678 1406 placebat.
1529 1307 1530 1316 ³

354 1407 386 1502 s.
411 1409 693 1484 CCCXXXVll.
730 1405 895 1479 Henrico
926 1419 1066 1476 mortuo
1104 1423 1186 1476 eum
1227 1395 1400 1472 Eduardur
1432 1387 1485 1461 vt

303 1499 533 1590 succedisset,
564 1507 687 1577 decem
721 1501 837 1575 adhuc
869 1521 1037 1573 annorum
1068 1519 1175 1594 puer,
1207 1496 1362 1589 adeoque
1382 1487 1486 1562 sumna
1529 1501 1530 1552 l

302 1617 420 1670 rerum
446 1595 532 1670 esset
555 1621 663 1696 penes
680 1597 861 1692 Regentea
879 1593 957 1684 ,seu
975 1595 1160 1682 Senatum,
1179 1593 1222 1666 ab
1247 1590 1402 1664 Henrico
1422 1602 1487 1654 con·
1529 1607 1530 1656 ῑ

302 1689 482 1780 stitutum,
524 1691 560 1768 in
593 1693 716 1792 primis
751 1715 857 1788 penes
894 1689 1157 1775 Proteflorem,
1190 1689 1357 1760 summum
1392 1695 1487 1754 corun
1529 1727 1530 1776 4

303 1787 458 1864 Ducem·
477 1789 676 1880 Somerser,
706 1788 801 1882 regia
825 1786 1052 1874 avunculum,
1085 1783 1191 1857 animi
1224 1803 1343 1856 eorum
1371 1776 1484 1850 fuerunt

301 1885 396 1957 circa
419 1883 709 1960 reformationem
734 1882 847 1958 dinisr.
895 1883 1037 1956 Praeter
1060 1880 1146 1952 alios
1169 1877 1395 1961 Gardinerur,
1416 1869 1485 1940 Bon·
1529 1903 1530 1940 l

301 1999 428 2068 uerus,
460 1997 496 2051 et
528 1979 743 2068 Tonstallut,
777 2000 922 2072 magnae
952 1975 1146 2050 autoritatis
1178 1974 1278 2062 viri,
1299 1960 1484 2066 Mariaead·

303 2071 504 2160 haerentes,
537 2099 556 2146 a
582 2071 833 2144 reformatione
864 2071 987 2162 alieni,
1021 2071 1301 2158 contenderunt,
1334 2060 1483 2140 omuiaru
1529 2087 1530 2158 3

300 2187 347 2238 eo
379 2187 518 2236 manere
548 2167 676 2240 debere
709 2161 816 2256 statu,
850 2167 887 2240 in
945 2189 992 2240 uo
1024 2189 1080 2239 rer
1102 2166 1294 2263 reliquerat
1315 2157 1481 2238 Henricurr
1529 2197 1530 2248 3

298 2258 413 2332 donec
437 2258 518 2332 Rex
542 2258 626 2334 ellet
649 2259 882 2355 majorennis3
907 2189 966 2336 asli
983 2261 1228 2335 reformationi
1256 2247 1481 2357 promovendae
1529 2289 1530 2334 l

192 2429 197 2440 ,
300 2354 552 2445 intendebant,
586 2375 625 2428 ut
649 2355 853 2447 Proteslor,
879 2357 1062 2445 inprimis
1089 2358 1297 2430 Cranmerue
1320 2373 1397 2428 unus
1416 2361 1481 2442 quo·
1529 2405 1530 2436 ,

297 2470 367 2544 qne
407 2449 632 2545 Regenrum,
682 2473 746 2526 nec
797 2475 868 2527 non
902 2451 1054 2525 Eduardi
1086 2453 1335 2544 Praeceptorer
1364 2447 1478 2545 Caret
1529 2459 1530 2490 ff

296 2543 438 2635 Clreek,
463 2545 518 2617 alli
545 2568 683 2641 quoque
705 2543 890 2641 Episcopi,
903 2564 954 2619 nt
971 2548 1129 2640 Holgare
1144 2546 1389 2629 Eboracenses,
1410 2531 1476 2610 er·

294 2639 339 2714 lei
373 2639 671 2732 Rocbestrlensu,
704 2641 887 2717 Holbeach
918 2641 1190 2730 Lincoluienfit,
1214 2663 1253 2716 et
1283 2633 1422 2718 Godtich
1441 2627 1477 2699 Ε·

173 2733 177 2739 “
295 2733 416 2810 liensrs.
468 2735 541 2834 Qui
568 2739 712 2811 aliorum
742 2755 963 2834 praetextum
987 2760 1031 2810 eo
1058 2737 1278 2831 refutabant,
1305 2731 1390 2835 qnod
1410 2744 1478 2820 0Ρῦς

255 2864 257 2872 ·
291 2827 372 2940 illud
407 2832 547 2907 ulterrus
579 2856 808 2930 promovere,
842 2835 879 2908 in
911 2831 1027 2928 specie
1050 2831 1181 2908 missam
1208 2854 1292 2910 cum
1319 2837 1351 2907 S.
1374 2823 1475 2898 encha-

292 2923 386 2999 rrstia
412 2929 581 3002 inmutare
604 2930 829 3026 proposuerat
852 2927 923 3022 ipse
950 2927 1148 3018 Henricua,
1172 2932 1336 3026 quodque
1356 2912 1472 2996 carcer·

291 3024 380 3097 lario
413 3024 474 3097 filil
516 3021 730 3099 minorennis
760 3023 913 3122 potestat
947 3027 989 3098 ab
1022 3025 1182 3099 Henrico
1222 3048 1261 3100 et
1286 3023 1470 3118 Parmeno

291 3119 370 3191 dara
396 3137 487 3207 erat,
507 3119 619 3193 edicta
639 3123 741 3214 plena
758 3143 836 3194 cum
854 3117 1060 3194 rudioritare
1075 3119 1215 3208 eadem,
1241 3145 1308 3219 qua
1326 3119 1469 3192 Hessssils

291 3218 369 3290 usus
392 3237 486 3303 erar,
520 3217 772 3309 promulgandi.
824 3219 1015 3289 Decretum
1038 3215 1155 3308 itaque
1178 3215 1249 3306 est,
1284 3205 1473 3312 praevalente

288 3327 408 3404 parte,
435 3331 523 3404 quae
550 3309 836 3383 reformationem
867 3314 1034 3405 urgebat,
1059 3309 1141 3384 illud
1159 3333 1246 3402 opus
1264 3297 1470 3405 pedetentim,

287 3421 324 3475 et
350 3403 508 3474 rationali
534 3407 659 3491 modo,
679 3426 857 3500 peragere.
906 3408 1077 3501 Adeoque
1101 3409 1143 3480 ad
1161 3407 1238 3480 illud
1256 3397 1471 3481 efficiendum

286 3520 326 3574 ut
361 3521 391 3573 r.
416 3499 579 3572 homiliae
610 3499 777 3596 quaedam
803 3520 1122 3596 componerentur,
1154 3501 1355 3577 necessariae
1373 3491 1411 3565 ad
1433 3484 1449 3558 s
1459 3515 1471 3534 ·

284 3600 392 3672 iurem
422 3597 629 3693 complexae
662 3595 849 3683 veritates,
880 3619 901 3668 a
927 3597 1057 3692 populo
1071 3597 1258 3694 legendae,
1283 3617 1321 3669 ut
1334 3594 1373 3668 ab
1386 3586 1473 3659 allel*²

284 3715 385 3790 parte
410 3693 605 3786 discerent,
632 3691 702 3769 fide
722 3689 881 3792 inplicita
903 3713 975 3767 non
1002 3692 1195 3790 dependere
1219 3717 1239 3769 a
1263 3679 1471 3866 sacodqqqquf
