3098 4436
529 113 640 194 merl.
669 111 770 193 11⁷1.
1141 97 1144 102 ¹
1176 129 1265 220 ’μς

88 291 209 386 steria,
236 291 301 368 nist
328 289 471 366 foedere
495 293 555 368 illo
580 294 709 388 gratiae
731 295 786 370 sua
808 287 1132 392 cuipacacidcrint.
1157 313 1191 372 a.
1210 321 1264 373 re·

55 394 161 490 iquiau
187 389 423 486 corruptionis
450 383 633 464 in'sanclir
655 412 723 462 uon
748 387 880 462 adserta
913 410 1046 464 rentum
1070 391 1264 467 damnatio·

42 491 111 580 nir,
145 487 284 560 virture
312 483 465 558 foederis
495 483 633 582 gratiae.
688 509 722 580 g.
747 487 957 560 Foederatuu
988 486 1059 560 Dei
1092 509 1262 586 generare

39 587 168 660 liberor
198 583 238 655 in
266 581 391 655 eodem
419 579 559 654 foedere
582 603 619 656 et
641 577 727 655 statu
750 579 893 676 gratiae.
943 603 978 672 4.
1006 580 1181 680 Reliquias
1204 584 1268 659 aui

43 701 115 754 tcto
142 679 217 751 illas
247 680 285 751 in
311 673 434 749 laubiis
456 701 528 750 non
553 676 622 750 esse
649 681 755 764 tales,
786 697 822 750 ut
847 678 1131 766 oratedebcaut,
1153 697 1262 775 purga

43 777 134 848 rnrda
158 775 276 872 aoflnt
295 777 341 846 ab
368 773 451 842 unni
472 775 603 844 musitio
625 791 658 845 et
684 776 911 860 contumatia,
937 772 1016 870 quia
1041 779 1264 870 regeneratio

44 871 197 966 superat,
227 889 266 941 et
282 867 427 962 subigit,
471 887 641 942 eccatum.
689 867 824 964 Quibus
840 866 1008 962 responsus
1022 870 1064 942 ad
1081 871 1261 967 synodum

42 967 180 1056 delatis,
201 965 403 1042 concordia
457 962 490 1034 io
507 963 631 1052 modo,
655 963 697 1036 ad
717 961 966 1037 conseffionern
991 965 1164 1052 Cornelii,
1191 963 1262 1040 ini·

42 1081 74 1136 ta
95 1061 164 1148 est,
189 1083 264 1158 qua
288 1057 500 1147 declaravit,
533 1059 567 1130 se
601 1081 632 1132 r.
659 1075 838 1153 peccatum
863 1057 1051 1132 admittere
1082 1059 1262 1156 originale.

48 1178 76 1230 a.
110 1156 245 1230 libero·
284 1152 472 1228 infidelium
506 1151 689 1228 excludere
719 1152 862 1228 loedere
893 1155 1039 1250 gratiae.
1082 1159 1115 1250 3⁹.
1142 1177 1264 1252 precer

44 1275 140 1348 purga
168 1277 229 1324 nos
257 1275 281 1323 u
305 1253 432 1324 malitia
455 1269 523 1323 etc.
550 1249 727 1345 recipere,
753 1252 857 1324 modo
871 1252 996 1324 addere
1012 1249 1117 1324 liceat
1126 1305 1136 1342 ‚
1163 1257 1264 1346 uban-

43 1375 131 1444 quum
148 1352 182 1422 in
202 1347 332 1441 Christo
340 1346 544 1442 savrdijicalt'
553 1342 679 1436 fimus,
693 1341 872 1439 sordificat
887 1369 943 1419 nus
959 1349 1089 1442 tnagis,
1105 1345 1263 1445 adeoque

46 1451 147 1518 verba
170 1465 317 1541 precum
344 1441 501 1536 respectu
524 1437 716 1535 progressus
739 1444 775 1516 in
801 1441 982 1516 funditate
1006 1439 1200 1540 capiantur.
1223 1465 1263 1534 4.

47 1541 163 1612 Preces
193 1563 339 1636 quoque
398 1560 437 1610 ro
460 1535 651 1610 infantibus
675 1537 713 1610 in
737 1536 908 1632 baptismo
933 1538 1130 1628 adsumere,
1155 1539 1265 1615 modo

48 1635 167 1708 addere
190 1637 320 1715 liceat,
345 1561 433 1724 ,iim
457 1629 579 1726 Citristu
605 1630 745 1726 insertur
770 1633 816 1728 est
838 1626 976 1723 infans,
1008 1654 1045 1704 ur
1078 1633 1186 1728 magis
1212 1638 1264 1706 in·

48 1735 175 1823 stratur.
231 1755 268 1822 5.
304 1731 433 1802 Primae
464 1725 716 1801 admonitionis
740 1726 845 1799 verba
875 1723 917 1798 ad
952 1727 1111 1799 Parentes
1133 1729 1169 1801 in
1192 1727 1265 1802 for·

50 1830 130 1898 nula
152 1827 317 1924 baptismi
336 1847 405 1898 uon
424 1823 625 1920 repudiare,
649 1817 854 1913 staddatur,
880 1839 976 1895 tarra
995 1819 1176 1920 (brisiam,
1204 1823 1263 1898 vei

52 1940 175 1996 nutura.
682 1935 695 1948 '

96 2015 125 2114 i.
149 2013 326 2090 OECXV.
355 2013 435 2090 Fuit
457 2013 545 2088 haec
566 2019 633 2108 p'ax
659 2007 783 2106 infida,
816 2031 884 2090 nec
909 2013 1097 2104 diuturna,
1122 2011 1206 2112 quin
1231 2037 1262 2092 a.

60 2135 152 2206 1593.
186 2117 278 2186 adeo
312 2133 432 2208 rupta,
465 2129 503 2184 ut
536 2131 709 2209 nunquam
743 2110 899 2185 resarciri
931 2111 1105 2208 potuerit,
1142 2110 1198 2185 l'ed
1224 2109 1263 2190 ill

58 2211 120 2302 ujus
138 2215 569 2295 excommunicationem,
592 2229 635 2280 ac
653 2204 905 2301 separationem
923 2211 964 2280 ab
982 2203 1153 2295 Ecclesia,
1180 2227 1264 2303 pro·

59 2306 191 2398 ruperit.
243 2303 431 2378 noeasann
465 2301 581 2376 denuo
608 2321 787 2389 errorum,
822 2297 859 2375 in
884 2299 1109 2376 concionibur
1133 2297 1262 2398 sparso·

61 2421 189 2486 tum,a
217 2399 391 2472 nonnullis
416 2393 615 2472 Consrstorii
641 2395 833 2472 senioribus
864 2413 979 2473 coram
1012 2397 1157 2494 Synodo
1181 2395 1265 2469 nle-

64 2493 229 2582 mariensi,
255 2514 291 2566 et
313 2494 440 2568 citatus
464 2511 665 2587 comparere
690 2491 823 2580 uoluit,
848 2512 915 2568 nec
931 2491 992 2566 nist
1009 2491 1177 2604 scriptor
1202 2509 1263 2568 ere

64 2589 257 2680 declaravit,
287 2589 382 2685 quod
415 2585 558 2685 Synodo
580 2585 779 2684 displicuit,
813 2584 907 2661 viam
934 2588 1027 2663 illam
1052 2589 1157 2662 nimir
1221 2611 1262 2664 n·

64 2705 131 2776 gum
153 2685 343 2776 judicanti:
368 2703 482 2780 praete
490 2703 547 2754 rea
565 2681 764 2779 Synodum,
791 2701 951 2782 tanquam
968 2681 1190 2782 illegitimum
1204 2679 1262 2780 ju'·

66 2777 186 2870 dicem,
208 2779 424 2876 reprobavit,
450 2776 653 2874 praecipue,
677 2775 758 2875 quia
779 2779 919 2854 adversa
935 2775 1030 2854 umal
1047 2801 1125 2874 paru
1141 2777 1256 2866 foret,
1353 2815 1358 2833 ·

69 2873 154 3040 petiit
185 2875 320 2973 itaque,
353 2895 393 2948 ut
423 2893 558 2946 errotet
588 2868 638 2948 sui
668 2875 919 2970 redarguantur
949 2896 994 2950 ex
1022 2871 1260 2970 Scripturas:

92 2973 281 3046 ronunciata
297 2967 411 3066 itaque
426 2965 497 3056 eu,
515 2965 595 3044 satir
611 2987 762 3058 temere,
788 2969 958 3044 sententia
975 2968 1262 3047 condemnatori·

69 3065 106 3134 ad
127 3063 536 3154 excommunicationem,
561 3085 640 3139 cam
666 3080 812 3161 propter
834 3083 988 3150 errores,
1012 3085 1086 3140 tum
1113 3071 1261 3170 propter

74 3163 327 3252 contumaciam,
353 3181 389 3234 et
421 3159 574 3236 animum
601 3157 883 3257 incorrigibilem.
934 3155 1143 3257 Magistratu
1173 3175 1260 3234 veru

74 3249 227 3332 Htrnano
254 3254 441 3332 sententiae
470 3253 728 3330 exsecutionem
755 3255 959 3346 inhibente,
990 3253 1151 3356 perrexit
1172 3255 1263 3332 Cor·

75 3347 171 3422 nelina
200 3350 234 3428 iu
264 3373 419 3428 munere.
466 3349 550 3449 Quo
579 3367 695 3426 rerum
726 3347 832 3442 statu,
866 3371 905 3428 ut
919 3352 1087 3450 'Synodua
1117 3373 1191 3425 rena
1217 3350 1262 3427 ad

77 3461 217 3532 optatum
248 3449 355 3526 finem
383 3445 515 3524 latitius
547 3445 775 3542 perduceret,
798 3469 830 3522 a.
861 3469 966 3542 1594.
997 3445 1152 3523 Harlemi
1176 3463 1263 3518 con·

82 3553 216 3705 lappa,
228 3543 357 3716 pppl'er
386 3541 544 3646 quasdam
573 3561 616 3618 ex
634 3539 728 3714 1{itur
758 3541 889 3644 scriptia
921 3535 1273 3736 “mpfissffgffi

154 3659 204 3714 vn.
298 3692 311 3718 .
909 3665 916 3674 ·
