3000 4800
577 103 684 182 secut.
709 104 810 181 XVI.
1233 119 1305 203 289

12 318 65 384 334,
140 280 615 378 tiolue‚sedcons1storiorum
642 281 833 356 dominium
858 300 988 357 tanturn
1023 282 1230 381 inpugnare,
1263 307 1302 361 et

12 388 72 475 {m
134 382 224 474 bonon
245 404 315 457 non
338 379 521 469 rabiosos,
546 382 634 455 vesle
650 377 856 470 Ministrot.
872 379 1076 465 ¹consistoria
1092 404 1179 457 vero
1195 384 1302 460 nimi·
1323 432 1330 449 ·

32 514 58 545 e
131 498 173 553 ιιι
187 476 235 555 sti
251 478 418 571 adrogare
438 474 627 571 inperium.
676 472 982 571 Defenditetiam
1003 474 1070 571 jua¹
1087 478 1190 571 suum
1206 478 1302 555 circa

14 626 28 659 ,
126 570 549 664 rutmm‚smiorum,et
562 569 1100 671 Diaconorumesedsinnem,et
1113 572 1304 673 depastum

11 686 42 761 a,
124 688 199 764 aea,
223 688 263 743 ot
292 686 332 741 ec
361 664 539 741 adsrdeudi
568 666 606 739 in
640 659 861 741 consistoriie.
897 664 1305 775 ΙΒιιιιῐὶιιᾳι,ιιιιειιιιι

122 764 190 841 sam
205 757 401 861 apologiam
428 759 622 856 publicavit
639 754 850 837 ¹Coollrasiur
874 780 905 837 a.
938 768 1066 852 1580..
1096 758 1136 841 in
1160 758 1304 863 quandin

24 868 32 879 '
116 860 198 935 altera
224 856 404 933 historiam
436 878 574 953 quoque
605 854 703 929 dedit
740 851 956 930 diffennonn
988 852 1067 932 suae
1095 880 1174 934 cum
1204 860 1303 937 Luca

11 970 37 1039 ul
112 952 231 1054 Hespe,
252 948 456 1043 cooperario
471 950 551 1041 suo,
577 951 674 1045 cujua
691 949 793 1023 thessa
810 969 905 1041 erat,
929 948 1007 1025 satia
1021 954 1213 1050 paradoxa,
1239 980 1302 1031 ne·

11 1046 27 1133 .'
108 1054 240 1137 minem,
257 1046 323 1121 nifi
347 1046 535 1119 earundem
557 1044 672 1121 secum
696 1044 927 1140 opinionum,
950 1047 1023 1121 ase
1044 1046 1085 1121 ad
1099 1050 1135 1124 S.
1154 1071 1302 1127 coenam

11 1180 15 1209 ι
104 1144 164 1221 esse
185 1140 457 1237 admittendum:
482 1164 502 1216 a
524 1162 591 1237 qua
613 1138 747 1215 asienus
766 1158 843 1215 erat
870 1140 1083 1233 edelstanus,
1108 1140 1302 1254 professus}

94 1246 137 1317 {e
158 1242 333 1317 adsumere
364 1238 451 1312 vesle
481 1235 524 1312 ad
551 1234 803 1319 'srnermtatem
825 1234 933 1311 etiarn
956 1255 1123 1334 eor„qur
1150 1238 1261 1325 deba
1289 1280 1305 1299 ·

93 1337 194 1415 ismo
215 1334 408 1420 infantum,
459 1330 626 1405 raesentia
648 1328 833 1423 Clarissiin
853 1332 889 1421 S.
914 1354 1047 1422 coena,
1070 1352 1104 1405 et
1119 1334 1243 1432 praede
1274 1338 1305 1412 i·

82 1436 244 1519 amone,
262 1450 344 1503 cum
361 1354 513 1535 Ecciisra
530 1424 714 1533 reformata
729 1418 823 1501 idern
840 1447 911 1501 non
925 1427 1135 1521 sentiebant,
1159 1452 1305 1509 coenam

81 1546 196 1623 porro
217 1527 366 1601 dandam
393 1524 592 1616 baptizatae,
615 1519 713 1596 vitae
737 1522 845 1594 modo
869 1523 1024 1631 probae.
1054 1526 1097 1599 ad
1124 1526 1304 1624 proprium

68 1644 249 1701 eramen.
297 1616 479 1713 Tandem,
500 1614 580 1712 post
605 1614 700 1692 varia
727 1618 919 1710 colloquia,
948 1616 1046 1707 sicea,
1070 1620 1305 1698 mediantibua

161 1740 242 1795 tuor
274 1712 452 1798 Politicit.
483 1732 521 1785 et
553 1710 698 1783 totidem
721 1706 993 1798 Ecclesiasticia,
1024 1734 1097 1811 ope
1134 1714 1305 1793 Yabrandi

151 1816 214 1902 ck,
239 1808 387 1885 Pastoris
409 1802 692 1900 Antverpsensn,
717 1802 929 1899 compositae
943 1804 1038 1897 sunt,
1063 1804 1218 1904 partibus
1235 1810 1305 1903 liti·

59 1911 250 2005 gentibus
274 1907 315 1979 in
338 1904 425 1977 baec
474 1919 597 1975 uatuor
620 1901 738 1997 capita
748 1897 1051 1995 consentientibus.
1079 1925 1112 1979 r.
1130 1906 1305 1985 utPetrua

53 2004 275 2083 Cornelius
306 2017 342 2071 et
373 1924 571 2073 moinum
592 1996 751 2091 culpam,
780 1994 819 2070 in
842 1996 898 2069 hit
921 1994 1039 2073 sitibua
1062 1998 1304 2096 commissamss

46 2100 349 2177 confiterentur
386 2111 506 2165 coram
552 2090 716 2167 Ecclesia.
762 2111 796 2164 a.
830 2092 1053 2188 personarum
1089 2094 1306 2174 Ecclesiasti-

51 2216 207 2271 Qarom
243 2187 372 2264 electio
412 2201 557 2296 recepto
586 2207 685 2259 more
714 2182 837 2273 fieret,·
869 2184 916 2260 ita
953 2207 1091 2281 tamen,
1124 2211 1162 2266 ut
1195 2195 1306 2288 major

45 2300 257 2367 &numerus
289 2278 507 2378 slsagislratur
533 2300 789 2392 proponeretur
818 2280 1068 2381 adprobandus.
1110 2309 1142 2380 3.
1166 2308 1212 2362 ex
1235 2291 1305 2363 Po·

50 2378 198 2462 lirici:
226 2380 379 2457 adessent
416 2374 647 2467 confistorira,
677 2373 801 2473 absque
833 2396 872 2453 ut
904 2396 1024 2452 votum
1062 2380 1230 2471 habeant,
1266 2402 1306 2459 ea

57 2484 265 2557 lectetum
280 2477 319 2551 in
333 2475 437 2548 rebor
451 2458 694 2549 Ecclesnslicis
707 2475 876 2549 revelent.
901 2471 1123 2571 4.‚denique,
1143 2497 1181 2550 ut
1196 2477 1306 2553 Coos·

65 2572 204 2652 hesua
227 2576 263 2647 se
285 2569 326 2643 ad
343 2569 428 2645 fidei
444 2568 541 2654 suae,
564 2567 602 2643 in
621 2566 720 2643 libria
734 2568 935 2665 expressae,
961 2567 1154 2663 rationem,
1183 2596 1305 2653 corana

64 2673 194 2747 classe
215 2687 253 2743 et
279 2664 424 2762 synodo
445 2663 612 2756 dandam,
636 2665 819 2763 praeberet
835 2682 1008 2760 paratum,
1034 2664 1173 2767 seseque
1188 2691 1305 2745 earum

85 2764 231 2859 indicio
260 2759 489 2836 submitteret.
539 2759 639 2859 Quae
670 2758 730 2852 ipsa
754 2758 873 2855 postea
902 2758 1102 2836 acciderunt
1133 2763 1193 2838 suo
1223 2765 1305 2841 loco

87 2864 251 2935 narrabo.
340 2856 376 2930 ic
400 2852 589 2950 subjungo,
613 2852 785 2945 Pastorea,
812 2853 953 2929 nomine
968 2853 1159 2949 Ecclesiae,
1183 2857 1305 2955 postea

104 2955 239 3031 edidisse
253 2973 287 3025 r.
334 2949 499 3024 tationem
525 2947 759 3044 ‘rrslificariom's
781 2946 974 3039 leidensn,
995 2947 1135 3051 inqua,
1158 2952 1251 3029 inter
1267 2978 1306 3037 aq

104 3044 164 3135 lia,
182 3046 392 3125 contendere
415 3043 484 3119 ausa
508 2975 605 3158 sont,
636 3046 901 3141 nullanaliarn,
924 3067 965 3120 oc
979 3040 1099 3143 suurn,
1121 3051 1308 3146 religionen

118 3142 167 3239 effe
184 3144 380 3221 tolerandam
405 3168 427 3215 a
454 3138 676 3235 Magistrum.
757 3212 762 3221 ,
929 3176 933 3187 ·
965 3202 969 3209 .
1042 3226 1045 3231 Ι

158 3239 183 3335 s
206 3237 505 3317 CCLXXXVlsl.
531 3238 638 3311 Anno
665 3243 772 3327 1580.
797 3258 852 3311 ret
875 3236 989 3315 indier
1009 3232 1120 3315 factae
1138 3240 1216 3319 sunt
1234 3264 1309 3320 tur·

123 3327 333 3415 lusentiorea.
357 3352 395 3405 et
420 3328 636 3407 Reformatit
661 3330 932 3442 periculosiores,
959 3337 1051 3433 quod
1076 3358 1191 3413 tamen
1214 3342 1310 3415 Pon.

126 3426 222 3505 aisciit
239 3436 301 3526 per
318 3426 558 3517 Hollandiam‚
576 3445 613 3500 et
627 3427 709 3501 altas
725 3426 945 3518 Provincias,
964 3433 1053 3506 m'ale
1068 3433 1176 3507 ceffit.
1210 3434 1310 3509 Prin·

120 3538 186 3617 cepa
203 3520 391 3597 Parmensis
414 3544 506 3601 urna
531 3520 692 3601 victricia
717 3544 778 3613 per
801 3526 897 3607 varia
916 3524 1131 3606 circumtulit
1152 3526 1250 3615 loca,
1274 3544 1313 3605 et

177 3618 258 3698 Yon.
285 3617 371 3693 Vll.
684 3616 750 3694 Oo
1116 3619 1328 3713 reformato·
