3128 4438
526 219 528 224 ·
561 181 666 259 Setul.
694 178 796 260 XVI.
831 233 835 242 ·
1217 185 1295 285 205v

89 367 159 444 dum
183 363 406 455 Trudsnern,
433 362 647 438 Canonicum
673 347 950 458 Mogontinum,
976 361 1036 436 illo
1062 362 1294 460 euangelica,
1416 381 1418 388 ’

87 465 147 538 hot
172 461 376 550 Pontificio,
425 462 552 534 clarum
585 485 713 535 eorum
737 461 832 533 dedit
863 461 1090 534 intelletlum
1150 465 1295 536 Fatetur

89 561 164 635 'reto
185 561 355 656 Jacobus,
392 558 506 630 zelota
532 559 609 630 liter
636 559 861 647 Pontificius,
889 557 949 652 qui
973 559 1133 652 praeiens
1159 555 1291 646 adfuit,
1397 607 1414 630 a

89 657 202 730 saulam
228 653 555 749 euangelicamhie
583 653 831 748 triumphalfe,
866 652 923 724 fed
951 651 1150 748 ineptorum
1174 655 1294 748 dilpu·¹

91 773 220 826 tutorum
256 775 299 822 ex
333 747 524 822 Pontificiis
554 751 677 845 culpa;
721 753 836 831 addit,
877 747 996 823 molum
1023 753 1079 820 lot
1103 753 1295 843 praecaveri

85 847 219 945 ptluiffe,
237 845 273 940 st
287 845 488 944 studiorum,
513 869 606 941 quam
622 848 823 939 scortorum,
843 847 998 941 Epljlopi
1019 845 1115 942 effero
1133 839 1295 924 amantio-⁷
1360 895 1363 901 r
1400 937 1402 945 Α

85 963 136 1020 res.
723 960 725 965 ·

122 1042 150 1138 f.
173 1042 262 1114 CCI.
294 1035 410 1111 Finita
442 1037 515 1109 hac·
538 1035 671 1116 ratione
695 1035 952 1130 disputatione,
986 1037 1176 1113 Beruenses
1201 1061 1291 1115 mox

84 1138 263 1233 plenae,et
280 1133 481 1228 perfeflae,
499 1132 762 1216 reformationi,
779 1136 814 1207 in
833 1133 1009 1216 dodisma,
1032 1137 1146 1222 cultu,
1165 1154 1199 1205 et
1216 1145 1292 1208 mo*
1319 1191 1326 1206 .

84 1235 182 1322 ribus,
214 1253 358 1302 manum
382 1229 632 1316 admoverunt,
665 1227 807 1320 edistis,
842 1253 921 1302 cum
950 1233 1068 1324 populi
1093 1230 1294 1304 communi·

84 1329 154 1402 tatis
180 1327 370 1413 confenfu,
397 1326 601 1419 publicatis,
628 1343 665 1396 et
688 1325 818 1399 Bernae
844 1328 1014 1420 primum,
1039 1325 1120 1400 dein
1149 1347 1213 1420 per
1239 1330 1294 1400 [οὲ

8 1419 9 1422 ’
84 1441 146 1496 tutu
175 1427 399 1506 cnutonem,
431 1421 533 1494 miffis
564 1419 755 1515 deputatis,
790 1422 1045 1496 reformatione
1069 1419 1293 1516 introdufla,
1353 1451 1355 1456 ¹

82 1539 114 1593 et
133 1519 222 1594 cultu
260 1516 452 1597 Pontificio
477 1513 612 1612 penitus
634 1519 822 1610 abrogato;
857 1517 1074 1592 monasteriis
1098 1539 1137 1592 et
1160 1515 1293 1592 coenoss

84 1617 141 1690 biis
162 1615 196 1689 in
220 1610 358 1688 scholas
383 1609 583 1700 converlis,
612 1631 646 1682 et
672 1613 804 1684 Bernae
831 1613 946 1686 eretta
974 1614 1184 1701 Academia,
1218 1613 1294 1710 ipfa'

84 1711 196 1786 militia
222 1706 418 1807 peregrina
440 1709 629 1803 prohibita.
682 1708 867 1802 Deniq‘ue,
892 1708 930 1779 in
954 1707 1035 1782 laeti
1055 1731 1095 1782 at
1113 1707 1202 1802 grati
1219 1711 1295 1784 ani:

84 1809 124 1882 sni
147 1808 309 1906 signum,
343 1803 477 1877 duobus
504 1801 674 1876 seditiolis
697 1801 809 1875 vitam
834 1801 1053 1888 condonant,
1087 1803 1298 1900 proscriptis

8 1947 9 1954 κ
82 1901 220 1978 reditum
244 1901 469 1989 concedunt,
493 1899 598 1996 idque
619 1898 655 1972 in
682 1896 851 1971 honorem
879 1894 1008 1972 Christi
1033 1899 1164 1995 Regis,
1188 1901 1230 1973 ad
1258 1901 1301 1975 fd

8 1997 9 2080 s
83 1998 216 2090 severii,
243 2013 427 2071 monetam
452 2017 592 2092 quoque
610 1995 763 2084 cudunt,
789 2017 825 2068 et
842 1995 991 2070 abolitae
1009 1995 1187 2092 religionis
1202 1997 1299 2072 Pon-¹

8 2175 9 2180 ,
84 2095 198 2171 tificiae
223 2096 314 2168 diem
344 2108 376 2164 el
406 2115 526 2167 onnam
557 2097 667 2165 aureis
691 2093 810 2166 litteris
835 2095 869 2164 in
896 2093 1073 2166 columnam
1089 2091 1296 2190 inscribunt,

8 2257 9 2288 2
83 2211 114 2266 ut
133 2212 244 2267 narrat
269 2185 451 2262 Sleidanus
477 2188 536 2262 lib.
562 2189 651 2277 Vl,
677 2188 877 2262 tacentibus
904 2186 1132 2285 scriptoribus
1158 2189 1296 2276 Helve·

8 2309 9 2384 ᾗ
84 2289 142 2366 tiis.
187 2292 361 2363 Ceterum
387 2283 473 2357 haec
502 2304 579 2357 tam
600 2281 759 2358 notabilis
782 2284 931 2359 mutatio
956 2284 1136 2358 fuittanta
1153 2287 1295 2381 peraeta

8 2431 10 2474 ;
84 2383 323 2480 pudentiaet
349 2379 610 2472 moderatione,
638 2399 676 2454 ut
692 2378 775 2453 nulli
796 2379 928 2455 fuerint
945 2381 1011 2470 orti
1027 2377 1199 2475 graviores
1217 2405 1296 2456 mo·

8 2547 14 2680 l

8 2477 9 2518 ³
84 2497 136 2554 tus.
166 2479 388 2588 Seditionem
420 2476 557 2571 quidem
582 2473 743 2572 aliquam,
775 2499 862 2572 quae
896 2475 994 2550 initia
1024 2476 1165 2571 peperit
1197 2477 1296 2574 belli,

84 2575 185 2672 polles
209 2571 346 2660 secuti,
370 2591 557 2644 moverunt
581 2591 703 2670 contra
727 2573 935 2658 Beruenses,
962 2571 1211 2668 Magistratum
1238 2577 1298 2649 sus

86 2695 149 2762 un,
175 2667 387 2754 Hassenfes,
413 2667 634 2756 Briecenfes,
660 2686 695 2741 et
716 2667 999 2756 Undenfcenfes3
1025 2670 1080 2741 fed
1100 2668 1297 2769 confpeflo¹
1333 2769 1339 2778 .

8 2781 10 2859 ξ
88 2771 221 2842 nocito
251 2761 502 2852 Berneoliutn,
527 2761 622 2859 pacis
643 2785 855 2858 acceperunt
880 2764 1117 2840 conditiones.

121 2864 149 2961 l.
172 2863 284 2940 CCII.
325 2863 511 2933 Bernatum
543 2861 741 2954 exemplum
777 2859 883 2933 fecutl
911 2861 988 2932 funt
1015 2863 1148 2954 plures,
1174 2883 1211 2938 et
1236 2865 1294 2941 in·

8 3043 10 3056 y
87 2981 191 3052 genam
223 2979 292 3057 per
321 2955 527 3029 Helvetiam
558 2956 753 3050 progrelfus
793 2955 879 3052 fecit
912 2956 1141 3048 reformatio,
1166 2964 1293 3044 multas

85 3055 154 3130 licet
181 3057 277 3132 inter
308 3049 540 3127 difficultates.
590 3053 769 3135 Glaronae,
804 3075 890 3148 quae
919 3055 1015 3126 causa
1047 3055 1224 3152 religionis
1254 3055 1294 3134 in

8 3149 10 3230 ξ
88 3171 189 3320 ffies
217 3167 298 3222 erat
325 3147 436 3238 scilla,
474 3148 702 3221 obtinuerunt
737 3145 959 3244 Euangelicl,
992 3170 1027 3223 et
1056 3153 1228 3224 nonnullis
1252 3149 1296 3229 in'

185 3249 339 3321 sublatae
365 3244 442 3319 funt
466 3241 648 3340 imagines.
696 3243 865 3336 Bofileae,
892 3267 972 3319 cum
998 3245 1198 3320 reformatio
1222 3247 1295 3335 lenq

88 3341 164 3429 rius,
187 3365 296 3438 quam
315 3339 411 3415 cives
428 3342 611 3428 volebant,
637 3343 865 3432 procederet,
892 3343 1053 3415 nonnulli
1072 3365 1191 3417 eorum
1208 3345 1296 3420 ima·

89 3435 175 3548 ginta
203 3435 414 3511 sustulerunt
446 3437 483 3510 in
511 3436 664 3531 Templo
691 3437 928 3527 Martiniano,
949 3456 989 3510 et
1014 3438 1294 3532 Augustiniano,
1334 3471 1341 3484 ·

90 3533 186 3608 anicio
201 3535 352 3622 Senatu,
379 3551 564 3629 propterea
581 3533 618 3606 in
637 3534 1007 3630 carceremconjefli:
1034 3534 1089 3604 sed
1108 3539 1297 3613 multorum

94 3625 210 3708 dauns
232 3625 329 3708 fallo
352 3627 541 3726 concursu,
568 3629 627 3728 qui
643 3628 817 3706 tribulium
833 3629 1099 3722 liberationem,
1123 3653 1164 3704 ac
1179 3627 1330 3708 Euan-³

649 3727 708 3803 Cc
733 3749 755 3827 3
777 3787 795 3812 ,,
1210 3731 1297 3828 gelli
