3000 4800
208 686 258 778 u'
445 808 447 811 p
593 681 740 788 ffifltria
763 684 893 791 Eccles.
920 685 1043 790 Clrlfl.
1134 795 1135 798 Ἴ

121 878 125 885 “
214 858 439 956 serbonitis,
464 879 503 939 et
525 866 735 964 exemplaria
757 865 829 944 elie
844 864 880 944 in
899 870 1016 961 italia,
1043 863 1237 968 Hilpania,
1260 882 1302 943 et
1323 859 1437 960 tlibi,

214 963 377 1037 omniurn
410 956 595 1040 raetorum
625 965 771 1064 judiciis
801 965 1001 1064 adprobata.
1048 968 1217 1065 Denique
1247 962 1431 1054 Erasmus,

215 1054 259 1134 in
283 1056 383 1155 epist„
408 1056 624 1156 responsotia
647 1064 688 1137 ad
713 1085 790 1136 eam
812 1062 984 1152 Latheri,
1008 1084 1074 1160 qna
1096 1063 1174 1137 e‘ua
1193 1058 1349 1136 aninum
1365 1057 1431 1135 libi

77 1182 79 1186 ·
216 1154 386 1250 cupiebat
416 1157 603 1266 cpnciliare
633 1160 830 1249 Lothetua,
854 1180 920 1233 nec
947 1178 1018 1233 non
1041 1160 1083 1233 ad
1108 1088 1330 1246 ilestmem,
1353 1153 1432 1248 eitra

211 1268 493 1326 commentarios
516 1255 558 1329 ad
583 1253 731 1330 Psalmoa
753 1258 888 1345 laudat,
914 1273 1046 1329 tanturn
1070 1254 1257 1343 admonet,
1279 1251 1324 1327 de
1339 1269 1433 1324 tem·

212 1347 378 1446 perendie
407 1345 618 1441 adfectibus,
643 1371 682 1426 et
704 1350 810 1440 stilo,
838 1370 877 1424 et
898 1373 946 1425 ne
968 1350 1005 1424 in
1028 1354 1175 1449 Papam,
1199 1349 1260 1425 sed
1283 1349 1322 1429 in
1343 1367 1429 1439 eoa,

214 1446 277 1540 qui
300 1442 404 1540 Papia
425 1448 637 1537 abutuntur,
662 1451 817 1522 detonet.
865 1446 965 1521 Dicit
989 1468 1128 1545 qaoque
1148 1445 1219 1521 elie
1243 1444 1280 1520 in
1295 1441 1435 1541 Anglia

216 1556 257 1613 et
280 1560 342 1613 eoa
366 1540 558 1634 maximoe,
591 1544 651 1641 qni
677 1547 722 1618 de
751 1542 847 1618 libris
869 1543 1021 1620 Lutheri
1045 1547 1136 1619 bene
1158 1539 1330 1631 sentiant,
1353 1537 1428 1616 elle

213 1634 321 1709 etiam
347 1634 451 1728 alibi,
487 1658 527 1711 ut
549 1638 721 1730 Lovanii,
755 1639 993 1737 Antvttpiae,
1017 1661 1087 1714 etc.
1136 1635 1302 1712 Testatur
1324 1633 1430 1709 deni·

241 1754 305 1820 ue,
330 1731 441 1807 vitant
472 1735 621 1812 Lutlteri
655 1757 674 1808 a
699 1739 843 1809 nemine
867 1757 939 1809 non
960 1735 1132 1834 probarit
1155 1747 1260 1829 rogat
1286 1749 1428 1829 qaoque

206 1750 429 1919 {letiorem
455 1829 490 1902 in
507 1830 605 1924 epist.
626 1831 667 1903 ad
686 1830 796 1929 ipsutn
809 1831 1037 1943 nequisquam
1056 1833 1225 1906 innocent
1238 1845 1425 1924 praetexta

210 1919 374 2021 pietatis,
407 1924 552 2000 aliorum
585 1927 771 2022 inpietati,
804 1931 839 1999 se
865 1925 1021 2023 Juliitiae
1049 1925 1225 2014 Praestde,
1254 1922 1402 1997 dedatur

205 2017 411 2210 proaedifgapplp¹
429 2020 600 2212 lpgppesroa
628 2021 823 2157 sulpicione
840 2025 1073 2118 onerandum,
1098 2025 1159 2122 qui
1177 2020 1289 2097 vitam
1306 1972 1428 2096 corit'·

254 2206 286 2309 i.
312 2211 382 2285 XII
418 2175 556 2289 Habait
588 2232 771 2313 praeterea
797 2211 834 2288 in
860 2212 1051 2289 Academia
1074 2210 1259 2289 Witteber
1284 2207 1356 2284 eali
1379 2207 1424 2286 il·

206 2303 330 2420 lpttrea
352 2308 521 2400 adseclae,
546 2318 605 2423 qai
631 2310 736 2407 ipssus
758 2331 872 2408 parter
892 2311 964 2408 jam
989 2330 1086 2386 nune
1100 2234 1284 2407 publice?

1271 2327 1333 2381 unt
1352 2324 1422 2383 tet·

204 2413 256 2492 tr,
290 2426 435 2499 quorurn
468 2407 646 2500 praecipui
678 2407 817 2478 fuerunt
839 2408 1070 2480 Melanchron
1096 2425 1134 2478 et
1157 2400 1421 2484 Catolostadiua

202 2496 265 2574 De
288 2498 409 2591 quibus
432 2522 541 2594 pauca
565 2501 640 2572 sunt
657 2501 822 2588 dicenda,
848 2519 1031 2597 antequam
1046 2499 1088 2573 ad
1105 2499 1316 2597 colloquium
1333 2495 1420 2596 Lip-

123 2609 128 2617 ’
204 2590 333 2682 fienle,
367 2594 460 2690 quod
500 2596 598 2669 hunc
629 2617 755 2670 annnrn
787 2595 823 2667 in
842 2598 977 2691 primia
1008 2595 1230 2687 nobilitavit,
1265 2595 1420 2682 veniam,

203 2685 375 2784 Pltilippas
397 2691 630 2783 Melantitoa,
656 2693 737 2764 aliae
757 2691 1001 2780 Salinarum,
1028 2693 1119 2787 quod
1141 2691 1210 2765 fuit
1235 2689 1422 2766 Germani·
1481 2745 1485 2753 -

204 2806 286 2860 curn
320 2786 469 2860 lamiliae
503 2810 656 2876 nornen,
687 2786 816 2860 Latino
846 2787 1018 2861 redditum
1044 2811 1064 2860 a
1088 2786 1292 2882 Capnione,
1316 2803 1421 2863 natm

202 2880 272 2958 fuit
297 2881 448 2970 Brittae,
490 2882 526 2956 in
554 2884 742 2959 Palatinam
766 2881 953 2971 inferiore,
978 2881 1083 2956 studia
1100 2881 1246 2957 absolvit
1269 2880 1420 2957 Helena

202 2977 331 3077 bergae
362 2998 400 3051 et
434 2978 636 3077 Tubingae,
660 2995 698 3051 et
726 2979 764 3053 in
797 2978 990 3076 posteriore
1018 2980 1099 3054 loco
1130 2974 1319 3053 oratoriam
1346 2997 1415 3072 per

202 3075 641 3265 lllsslllltl‘lltllt
668 3072 1174 3268 llzltssllltlalsslllt
1196 3072 1417 3265 ”aaliz

201 3264 251 3342 de
285 3287 325 3339 te
347 3264 492 3361 epistola
517 3269 559 3340 ad
583 3227 780 3341 iile⁹6lorern
809 3260 980 3364 superest,
1003 3268 1044 3339 ad
1071 3223 1320 3361 professionem
1346 3264 1416 3338 lin·

255 3383 296 3436 ae
319 3361 470 3436 Graecae
492 3384 523 3436 a.
542 3372 648 3457 1518.
674 3360 758 3436 Erat
774 3382 888 3439 autem
911 3362 947 3436 in
964 3359 1206 3458 Philologicia,
1235 3378 1274 3433 et
1291 3359 1414 3434 Philo·

201 3383 378 3557 fouphicia,
411 3458 563 3533 maxime
585 3461 757 3548 versatus,
792 3477 829 3534 et
847 3477 1056 3556 propterea,
1079 3476 1148 3530 nec
1170 3477 1240 3530 non
1267 3455 1314 3529 ob
1339 3452 1415 3531 arti·

201 3576 295 3632 raam
326 3554 469 3643 mitem,
501 3555 653 3629 laudatus
682 3553 827 3628 Erasmo
858 3574 896 3628 et
926 3552 1012 3628 aliia.
1067 3553 1216 3628 Lutlreri
1248 3550 1412 3644 indolet,

201 3651 336 3740 virtut,
372 3665 409 3722 et
432 3648 600 3745 sapientia
616 3673 696 3724 cum
719 3649 782 3744 ipli
807 3651 910 3724 valde
932 3651 1107 3746 placeret,
1140 3649 1413 3755 lutheroveto

205 3748 241 3823 e’
266 3769 282 3821 a
308 3744 480 3836 eruditio,
511 3746 608 3820 brevi
639 3745 733 3824 areta
767 3748 944 3821 intereat
969 3743 1022 3819 est
1041 3743 1222 3819 contraiit
1245 3741 1409 3820 amicitiai

247 3861 371 3940 agatur
391 3865 478 3917 vero
500 3843 669 3935 Varillat,
693 3840 754 3916 ubi
778 3864 857 3916 eunt
883 3838 991 3915 tradit
1010 3839 1116 3916 soille
1130 3839 1282 3914 Latheri
1295 3838 1409 3915 sacre·

200 3940 347 4027 unum,
380 3937 479 4033 cujus
509 3939 636 4026 darno,
671 3938 806 4026 mena,
831 3938 908 4034 ipso
923 3935 1036 4026 leilo,
1059 3958 1124 4036 per
1139 3936 1274 4033 septem
1298 3956 1412 4010 aaaoa

197 4032 315 4113 niffet
344 4031 423 4107 usus
456 4030 628 4131 usquead
662 4033 868 4130 conjugium
891 4034 1052 4107 Lutlteri.
1104 4031 1216 4130 Degit
1239 4029 1336 4108 enin
1361 4052 1407 4106 eo

189 4133 305 4214 adhuc
328 4148 499 4230 tempore·
512 4129 690 4206 Lutlterttt
713 4128 957 4208 ia.·coeoobio
972 4127 1230 4228 Attgalliaiaao
1238 4128 1410 4300 ,hit-ptis

199 4268 209 4281 ·
360 4282 365 4291 -
1299 4246 1320 4299 c
