3148 4434
467 173 544 246 .⁵'··'
582 175 689 252 &titi
717 175 818 254 ΧΗ.
887 232 899 244 ..
948 245 952 250 .
1229 195 1304 268 445

61 353 339 446 interpretata
363 369 401 426 et
426 373 630 446 peccatores
659 355 726 430 elle
748 353 1052 452 distinguendum,
1088 348 1304 436 admonitio·

58 473 155 524 nem
196 449 511 543 praemittendam,
554 454 811 544 poenitentiam
854 453 1125 537 admittendam,
1169 448 1300 520 nullutn

61 565 331 618 commercium
371 547 702 640 civile.propterca
742 550 994 640 rumpendum,
1028 567 1093 618 nec
1128 545 1303 635 conjuges

65 645 286 737 separandus
309 641 411 729 zelle,
441 647 631 738 urgebant.
685 647 820 718 enoris.
843 644 980 736 generis
1014 642 1130 734 capita
1155 640 1303 710 suerunt

66 739 240 820 Lennard
264 739 457 826 Bonnam,
483 757 521 817 et
546 740 757 812 Theodotus
784 739 957 834 Philippi,
991 735 1189 830 posterioria
1217 749 1303 806 vero

69 835 256 908 lienrtcus
281 833 518 919 Naeldeman,
544 855 581 907 et
606 835 782 928 Georgica
805 838 941 932 Hepna.
973 834 1131 906 Modiam
1150 829 1186 902 in
1207 831 1308 927 prin·

67 929 183 1024 cipio
216 931 308 1002 viam
341 927 456 1002 tenuit
497 933 659 1020 Manno,
697 934 807 1026 rigori
853 927 965 1003 nimio
1003 926 1232 1012 contradixit,
1264 939 1303 996 et

65 1026 226 1101 schisma
265 1024 397 1096 noluit:
430 1023 488 1098 sed
521 1028 656 1120 pollen,
693 1031 725 1098 se
757 1051 776 1099 a
808 1031 978 1100 Bouwcna
1015 1023 1304 1100 excommunica·

71 1143 157 1196 tum
172 1121 227 1192 iri
253 1125 438 1210 metuens,
465 1123 621 1214 adeoque
643 1125 784 1196 schisma
806 1125 1010 1196 inevitabile
1031 1119 1204 1206 sentiens,
1232 1115 1304 1190 sese

72 1215 313 1312 rigidioribus
337 1217 506 1310 adjunxit.
558 1219 709 1292 Schisma
733 1221 817 1293 dein
843 1216 1025 1317 promovit
1047 1212 1226 1316 singularia
1244 1235 1303 1288 ca·

72 1317 160 1402 sua,
186 1313 248 1408 qui
273 1311 430 1386 Embdae
453 1313 596 1388 accidit.
647 1316 817 1388 Maritum
846 1313 1187 1389 excommunicatum
1206 1307 1305 1382 dese·

73 1435 163 1486 rere
186 1431 267 1482 cam
298 1411 468 1482 recusaret
496 1431 602 1506 uxor,
636 1413 805 1510 Swaantje
830 1413 1002 1506 Rutgera,
1036 1429 1095 1482 ant
1122 1409 1236 1482 mensa
1264 1425 1303 1480 et

77 1506 179 1584 lesio
213 1509 256 1578 ab
289 1525 334 1578 eo
360 1502 530 1599 separati,
562 1507 780 1581 Naeldeman
807 1527 841 1580 et
868 1509 994 1603 Heynr
1018 1505 1064 1582 id.
1083 1503 1302 1576 tolerandum

77 1607 293 1688 voluerunt,
317 1599 373 1672 sed
401 1603 584 1674 noluerunt
608 1603 806 1676 Leonatdut
831 1605 1022 1684 Boumena,
1048 1623 1085 1672 et
1105 1600 1202 1673 socii.
1237 1600 1304 1669 Se·

79 1698 242 1774 veriores
269 1697 430 1791 adpellari
462 1697 544 1770 dein
578 1695 654 1770 sunt
686 1700 785 1792 rigidi
818 1698 1164 1776 excommunicatores,
1197 1695 1307 1766 etiarn

85 1794 247 1879 Flandri,
274 1813 311 1866 et
337 1792 568 1866 Mennnnitae
593 1791 765 1879 Veter'ea,
790 1792 848 1866 alii
875 1813 962 1864 vero
985 1791 1239 1868 moderatiores,
1266 1809 1307 1858 e·

86 1891 178 1964 aiant
200 1885 329 1976 Frisii,
343 1889 433 1976 imo,
454 1888 690 1960 contumeliae
715 1913 820 1984 ergo,
839 1889 1041 1974 borboritae,
1070 1887 1125 1957 sen
1147 1883 1312 1966 breina»,

80 2011 189 2086 gena,
206 1983 283 2079 quia
300 1981 542 2092 quoscunque,
560 1984 666 2056 etiarn
685 1983 1027 2076 excommunicator,
1053 1981 1311 2069 admittebant,

87 2107 159 2158 nec
189 2079 472 2173 rebaptizabant,
505 2103 574 2175 quo
609 2078 710 2154 ritulo
743 2083 854 2154 zelata
878 2083 1046 2154 Bounenr
1071 2100 1131 2150 eor
1158 2073 1304 2166 insania

86 2185 162 2266 vit,
197 2177 325 2251 deinde
357 2178 394 2250 in
424 2177 537 2271 specie
573 2177 817 2264 Watcrlandi,
841 2197 877 2250 et
901 2172 1166 2270 Francquerani.
1216 2173 1304 2245 Pro-

83 2274 175 2352 secii
201 2271 343 2370 quidem
375 2269 451 2345 sunt
482 2273 640 2361 Menan,
672 2273 744 2368 jam
773 2275 875 2369 plane
909 2273 1042 2370 rigidus
1069 2291 1205 2367 qunque
1227 2267 1330 2342 sac·'

88 2395 166 2460 tua,
197 2385 235 2442 et
268 2369 460 2455 Boumena,
485 2367 690 2457 Coloniam,
727 2389 765 2442 ut
798 2367 949 2464 rigidum
986 2369 1077 2440 suurn
1105 2364 1306 2438 institutum

87 2464 278 2544 Germanis
304 2462 405 2536 sociis
430 2464 678 2557 adprobarem,
714 2463 770 2537 sed
796 2465 831 2538 in
863 2464 1011 2549 casium,
1045 2485 1124 2534 cum
1152 2462 1188 2534 lii
1210 2461 1308 2552 juat-

85 2565 226 2651 carint,
251 2555 346 2633 fratri
371 2579 429 2630 aut
451 2558 559 2632 sorori
585 2560 844 2654 relinquendam
872 2559 940 2632 esse
965 2562 1181 2646 libertatern,
1209 2560 1242 2630 se
1258 2559 1302 2630 ab

91 2681 204 2736 uxore
229 2673 288 2730 aut
314 2654 435 2728 marito
460 2655 763 2728 excommunicato
791 2656 1014 2750 sejungendi,
1042 2675 1186 2728 necne:
1212 2653 1306 2738 ande

90 2779 171 2830 cum
189 2749 262 2826 istis
277 2750 378 2824 etiam
395 2773 523 2824 novum
545 2750 595 2824 est
612 2771 726 2824 ortum
748 2751 901 2826 schifma.
928 2752 1053 2842 Ripida
1069 2751 1202 2822 interea
1219 2749 1307 2822 haec

90 2848 270 2944 disciplina
305 2847 410 2918 multa
447 2850 585 2939 peperit
608 2849 713 2934 mala,
748 2869 785 2920 et
809 2849 928 2942 gravia
959 2845 1186 2934 offendicula,
1219 2869 1303 2920 curn

91 2952 181 3046 qnod
215 2945 255 3018 ad
289 2941 428 3014 minima
462 2941 567 3014 ctiam
602 2961 712 3014 errata
743 2963 779 3014 et
815 2959 958 3034 paccata
992 2943 1062 3013 sese
1085 2945 1307 3038 perrexerit,

91 3065 163 3118 tum
189 3038 354 3132 separatis
377 3037 418 3108 ad
446 3035 560 3110 varios
585 3038 696 3132 lapsus
720 3057 777 3110 aut
804 3038 1075 3134 desperationem
1102 3037 1306 3132 praebuerit

92 3139 224 3222 ansam,
252 3155 322 3206 tum
349 3131 541 3226 nuptiarum
567 3132 756 3206 libertatern
784 3137 927 3220 multum
948 3133 1178 3222 restrinxerit,
1206 3154 1308 3209 extra
1336 3155 1343 3162 ·

92 3233 186 3308 enim
221 3229 503 3304 communionem
537 3230 627 3302 suam
657 3231 900 3304 contrabentet
930 3231 1068 3326 nuptiae
1094 3230 1128 3302 in
1154 3232 1304 3306 eandem

92 3327 292 3408 incidebant
328 3343 495 3420 poenam,
528 3342 565 3398 et
597 3347 664 3398 nec
699 3326 878 3422 permissae
912 3351 1010 3400 erant
1046 3327 1208 3438 nuptiae,
1243 3325 1308 3402 nili

94 3427 132 3504 in
154 3419 321 3498 austeram
350 3419 439 3494 illam
464 3419 678 3512 disciplinam
706 3445 851 3520 utraque
873 3447 948 3517 pars
970 3424 1192 3498 consentiret.

142 3519 174 3616 s.
201 3515 454 3592 ccccxlvi.
474 3517 801 3606 Crudioredein,et
820 3521 1075 3614 pertinaciore,
1094 3517 1189 3589 sosio
1207 3511 1312 3586 schis-

98 3637 191 3718 mate
214 3613 304 3720 inter
324 3611 448 3718 Ftifioa
472 3633 511 3692 et
536 3614 730 3786 flandlpolpi
750 3615 888 3696 illorum
915 3618 1003 3694 duce
1021 3609 1314 3780 Ηογιεὶὲείῡῐῑεἰ

754 3735 776 3808 3
1306 3793 1312 3800 .
