3148 4434
309 241 385 320 454
695 207 844 314 lastaria
866 211 996 316 Ercirs.
1022 211 1138 320 cirili.

317 397 506 486 leensrum,
539 411 668 503 magno
700 413 780 468 curu
814 392 943 470 civium
974 395 1164 486 comitatu,
1196 390 1346 490 sepultor
1373 384 1405 464 ir
1424 375 1490 458 trit

321 501 416 574 sacra
440 491 650 566 Leonhardr.
698 490 767 564 Sed
792 490 872 586 post
900 493 1050 567 rno'rtem
1084 493 1158 589 ejut
1181 509 1305 586 graver
1335 505 1422 560 ortae
1437 481 1491 582 leot

321 593 360 670 in
390 593 499 666 domo
528 587 601 683 ejus
627 585 728 674 litet,
760 585 843 660 dum
870 586 995 682 aliqui,
1027 611 1048 662 a
1077 586 1248 664 nonnullis
1274 584 1347 680 ejur
1367 575 1493 655 doetus

319 691 394 788 jam
425 702 526 759 antea
559 681 765 792 alieniores,
790 681 1005 757 domesticos
1030 685 1076 758 de
1107 684 1171 759 illia
1198 683 1340 757 liberior
1369 677 1492 751 admone·
1523 695 1524 720 t

324 799 424 870 rent,
449 779 511 854 alii
543 779 646 851 nimrt
670 783 796 853 acerbe
822 779 1050 856 monitoribus
1079 777 1376 862 contradicerent,
1404 767 1494 860 eoique

324 875 589 954 insectarentur.
643 875 741 948 Unus
780 892 895 948 autem
932 875 1096 966 famulus,
1126 876 1186 972 qui
1221 871 1351 948 Davidi
1376 885 1410 940 et
1430 861 1496 934 luni·

324 975 392 1049 liae
416 993 481 1069 per
506 969 708 1065 quindecim
736 993 844 1044 annot
864 972 1017 1046 fideliter
1046 973 1234 1062 servierat,
1260 984 1398 1067 propter
1419 975 1496 1032 muti·

322 1087 400 1156 ,tam
425 1067 462 1141 in
489 1065 662 1162 religione
687 1064 915 1157 sententiam,
946 1089 1176 1170 magnacum
1202 1059 1407 1141 contumelia
1426 1053 1497 1127 dont
1524 1061 1525 1096 i

326 1165 477 1263 ejectus,
502 1164 677 1256 aliumque
701 1161 820 1235 nactur
843 1163 1042 1250 dominum,
1068 1185 1141 1236 rem
1157 1181 1271 1238 totam
1291 1161 1439 1254 evulgare
1449 1169 1499 1224 tut·

326 1263 386 1362 pit
416 1257 563 1332 eruditis
596 1257 729 1353 aliquot
766 1259 872 1348 viris,
907 1259 982 1354 qui,
1009 1279 1046 1330 re
1071 1260 1266 1332 accuratius
1289 1247 1526 1354 pervestigator

325 1358 370 1434 ad
396 1352 644 1450 Magistratum
669 1351 888 1440 detulerunt,
917 1375 955 1426 ut
984 1351 1189 1427 Bleisdikius
1214 1354 1338 1428 refert.
1525 1357 1526 1360 ’

377 1449 407 1548 5.
434 1447 635 1554 cccclv.
660 1444 742 1544 Quo
759 1445 870 1536 fadlo,
894 1449 958 1522 filil
977 1451 1068 1544 ejus,
1085 1447 1229 1545 generi,
1251 1449 1412 1534 clienter,
1426 1440 1499 1531 leni,

327 1565 365 1621 et
398 1543 499 1618 amrci
540 1541 576 1614 in
613 1545 745 1614 curiam
783 1544 860 1617 sunt
892 1547 1054 1633 evocati,
1089 1561 1126 1618 et
1159 1543 1499 1640 interrogatideven

326 1638 479 1720 Davidit
505 1638 646 1710 nomine
672 1655 709 1709 et
734 1635 952 1734 dogmatibus
960 1665 975 1729 ,·
1000 1642 1099 1728 dein,
1132 1661 1212 1713 curn
1236 1663 1368 1715 nomen
1393 1636 1448 1709 elit
1463 1634 1499 1727 lu·

326 1740 480 1816 hannem
507 1756 526 1808 a
552 1731 685 1822 Brucla,
712 1733 941 1823 declararent,
968 1756 1006 1809 et
1033 1737 1067 1810 se
1092 1735 1136 1808 de
1162 1738 1282 1833 pravis
1307 1727 1498 1810 dotirinitni·

328 1834 381 1912 hil
405 1831 509 1920 scire,
534 1829 571 1905 in
596 1851 772 1905 carcerem
796 1831 934 1906 abducti
961 1829 1057 1919 sunt,
1084 1831 1162 1904 libri
1186 1855 1297 1920 vero,
1324 1823 1497 1906 cumlittnit
1526 1869 1527 1920 q

328 1931 512 2015 omnibus,
537 1951 558 1999 e
582 1925 688 1997 domo
710 1927 746 1999 in
770 1929 897 2001 curiam
927 1928 1046 2017 adlati,
1073 1949 1115 2000 ac
1132 1927 1246 2001 dotlit
1265 1929 1353 2002 viria
1368 1943 1401 1998 et
1415 1923 1496 1996 Theo
1526 1975 1527 1980 ,

328 2025 423 2120 logia
445 2020 583 2110 traditi,
612 2039 651 2092 ut
675 2021 936 2112 examinentur,
964 2027 1024 2120 qui
1050 2019 1264 2115 gratillimoa
1280 2044 1426 2108 errores,
1444 2015 1495 2088 inde

326 2135 658 2222 excerptor,ncum
698 2115 907 2223 Magistratu
944 2118 1266 2194 communicarunt.
1332 2105 1494 2192 lncarctttti

329 2237 439 2301 vero,
471 2209 517 2283 de
541 2231 585 2281 us
605 2206 791 2298 admonrti,
823 2213 858 2285 se
882 2215 923 2287 ab
948 2214 1010 2290 illis
1040 2213 1108 2288 elle
1130 2211 1282 2304 alienos,
1314 2235 1355 2289 ac
1377 2225 1495 2303 reteque

303 2305 513 2386 ‚doetrinae
543 2303 732 2414 adhaerere
766 2309 910 2382 confeffi
936 2309 1032 2400 sunt,
1067 2309 1224 2406 adeoque
1248 2309 1405 2399 liberati,
1429 2325 1456 2376 et
1471 2296 1495 2371 td

330 2399 506 2482 Ecclefiae
540 2421 825 2508 communionem
850 2403 999 2494 admiffi,
1031 2427 1182 2478 attamen
1211 2407 1271 2480 sub
1297 2404 1395 2480 certia
1413 2395 1497 2474 tundi·

331 2503 448 2610 tibuq,
482 2518 526 2570 ne
555 2517 756 2592 peregrinor
786 2497 824 2570 in
853 2499 995 2572 domum
1028 2500 1231 2591 admittant,
1268 2523 1337 2574 nec
1360 2490 1494 2574 inmobilia

327 2596 616 2702 amplrueemant
634 2594 741 2677 bona,
771 2611 842 2667 etc.
891 2594 997 2688 lpirus
1017 2597 1166 2669 Dividit
1185 2620 1332 2686 cornus,
1358 2589 1494 2670 cumina·

331 2691 438 2788 gine,
471 2687 565 2800 lrbrrs
595 2709 636 2760 ac
668 2686 805 2774 litteris,
839 2689 917 2786 post
949 2691 1060 2764 atium
1096 2691 1293 2766 institutum
1322 2689 1494 2790 judicialem,

331 2790 505 2893 sententra
520 2805 596 2876 ,pro
621 2805 720 2892 more
744 2784 978 2860 Bafileensrum
1003 2787 1190 2860 solenniter
1212 2791 1298 2876 lata,
1323 2780 1496 2862 combustum

332 2880 386 2956 est
414 2901 448 2952 tn
487 2880 567 2952 loeo
602 2882 753 2972 publrco.
805 2879 905 2974 Quae
937 2881 1037 2956 fufius
1067 2881 1102 2955 in
1134 2885 1302 2956 relatione
1331 2875 1496 2957 Academiae

333 2973 547 3061 Bastleensrs,
582 2975 686 3047 obvia
719 2974 753 3048 in
786 2977 926 3050 historin
953 2980 1097 3053 Davitlis
1129 2981 1219 3073 apud
1241 2979 1492 3053 Schardiunrer·

335 3076 501 3150 German.
543 3087 628 3144 tom.
666 3072 755 3154 lll.,
789 3094 979 3146 narrantur.
1031 3073 1151 3146 Exstat
1189 3075 1292 3146 ctiam
1337 3063 1491 3156 relattolla

335 3166 476 3262 Belgice
500 3163 540 3235 ud
567 3166 695 3272 calcem
722 3167 772 3238 cl.
803 3169 951 3256 Emmii‚
978 3170 1022 3240 de
1044 3173 1170 3263 Spiritu
1193 3187 1224 3241 et
1242 3171 1384 3243 doctrina
1398 3157 1495 3238 llantur

335 3265 487 3354 Georgii:
513 3261 647 3352 prolixe
672 3260 779 3332 etiam
803 3263 921 3338 retulit
945 3265 1119 3336 Actoniut
1136 3265 1172 3338 in
1189 3264 1287 3356 epist.
1308 3269 1421 3338 citata.
1456 3256 1497 3326 C&

321 3377 448 3432 terum
485 3355 572 3424 haud
600 3377 726 3463 paucos
753 3359 820 3428 lucc
847 3358 1079 3434 llrsrleensrum
1104 3359 1276 3455 judicium
1302 3357 1455 3440 offendit,
1472 3345 1497 3418 fi·

318 3453 403 3530 mul
436 3449 569 3534 ansam,
605 3469 708 3520 nrmts
742 3451 967 3543 plaussbilem,
1000 3459 1095 3528 dedit
1127 3457 1323 3529 Pontificiis
1355 3457 1389 3528 in
1417 3454 1497 3524 Prote

319 3551 463 3627 stantes
488 3544 729 3633 retorquendi.
760 3551 851 3640 quod
878 3549 977 3645 saepe
1004 3551 1038 3624 in
1065 3551 1467 3626 Pontificiisdamnarunt.

382 3647 414 3750 l.
440 3641 659 3722 cccctvr.
685 3637 785 3716 setta
809 3662 941 3722 tantum
967 3646 1080 3742 abest,
1108 3667 1147 3722 ut
1170 3647 1249 3744 post
1272 3667 1413 3724 mortem
1433 3640 1498 3737 ejus

317 3796 331 3819 „
1476 3743 1501 3796 et
