3148 4434
295 239 370 324 428
693 215 842 320 crustulo
866 220 994 323 sicclus.
1013 222 1134 325 Christ.

294 408 416 496 rillio,
457 417 495 474 et
529 395 708 490 arsitrio,
748 397 831 476 licet
864 398 1044 500 religiotiia
1083 400 1303 479 Pontificite
1335 397 1502 478 studiosu-

297 529 382 592 mo,
412 496 577 593 aliisque,
610 495 839 572 vehementer
873 497 1067 594 displicuit,
1093 521 1130 574 et
1152 523 1338 574 novorum
1371 519 1505 571 motuum

294 597 428 676 causatu
462 592 633 690 praebuit.
685 591 914 690 Posteaquam
948 594 1044 666 enirn
1080 597 1221 690 scriptis
1254 596 1418 692 utrinque
1440 597 1505 666 ellet

296 713 491 777 mnarum,
532 689 721 786 Religiosis
751 693 796 762 de
831 694 959 764 violata
986 695 1221 786 querentibus
1256 690 1504 784 pacificatione,

293 813 334 868 et
358 789 571 864 diversarum
598 786 810 883 religionum
837 787 1056 861 tolerantiam
1083 789 1121 861 io
1149 813 1225 861 uno
1243 789 1374 883 Regno
1392 786 1506 859 strenue

293 881 589 966 defendentibus,
614 883 671 956 sed
693 882 891 956 Pontificiit
919 887 1123 978 urgentibus
1140 887 1384 969 contrarium,
1412 881 1507 962 simul,

295 983 407 1058 iidem
439 1001 509 1054 non
540 976 610 1052 esse
646 979 839 1054 habendam
873 977 1077 1070 haereticis,
1103 981 1331 1055 contendere
1355 977 1456 1064 auhr,
1476 973 1508 1044 ad

296 1103 394 1156 arma
423 1097 510 1150 mox
537 1074 794 1165 convolarunt,
829 1075 1035 1148 Navarraeo
1066 1095 1103 1148 et
1130 1081 1310 1149 Contineo
1335 1071 1508 1168 praecipuit

294 1172 553 1270 Reugiosorum
587 1171 761 1258 Ducibus,
795 1173 852 1244 sed
887 1169 1096 1254 Alensonio,
1127 1175 1230 1246 Duce
1257 1165 1505 1265 Andegavenfi,

298 1293 343 1348 ac
377 1269 519 1358 Guisto,
552 1267 714 1365 aliisque,
747 1267 872 1362 quibus
903 1286 939 1338 et
974 1266 1048 1360 ipse
1073 1269 1259 1342 Annaliius
1285 1267 1504 1362 sejunxerat,

293 1383 409 1462 partes
454 1363 720 1438 Pontificiorum
759 1363 949 1436 tuentibus.
1001 1365 1088 1436 Cum
1122 1387 1211 1437 vero
1250 1368 1399 1450 beilum,
1430 1359 1505 1432 varia

294 1461 458 1547 fortuna,
490 1457 679 1555 Religiosts
711 1473 848 1545 tumeo,
875 1463 921 1532 ob
945 1458 1089 1554 aliquant
1111 1463 1352 1551 discordiam,
1378 1454 1504 1549 iniquia·

293 1580 360 1644 re,
382 1572 582 1654 gereretur,
601 1554 701 1636 Rex,
721 1553 799 1626 belli
818 1553 1009 1647 pertaesus,
1035 1557 1235 1646 incertum,
1265 1581 1368 1652 quam
1384 1557 1426 1627 oh
1440 1571 1500 1620 cau·

291 1652 386 1740 sam,
421 1651 515 1725 forte
538 1652 581 1725 ab
608 1649 877 1744 Andegavenst,
909 1652 968 1746 qui
995 1652 1189 1726 Flandriam
1224 1673 1353 1750 petere
1375 1649 1498 1730 avebat,

295 1747 483 1837 induetur,
509 1747 564 1822 vel
589 1743 732 1843 propria
757 1745 864 1820 animi
888 1747 1051 1837 levitate,
1079 1773 1179 1844 quam
1205 1747 1366 1824 historici
1388 1738 1495 1836 inipso

295 1849 659 1932 nutawut,‘motut,
692 1865 812 1937 pacem
843 1847 1049 1932 renovavit,
1082 1849 1206 1918 eodem
1242 1871 1276 1920 a.
1315 1859 1496 1936 1577.,re·

292 1941 413 2020 sitista
440 1961 557 2020 umen
580 1940 752 2038 paululum
779 1939 938 2012 libertate
962 1935 1157 2035 religionis,
1183 1943 1325 2032 edicio,
1352 1933 1437 2036 quod
1451 1933 1492 2028 ju·

294 2057 390 2112 ratus
415 2038 566 2119 fecerat,
593 2034 823 2126 promulgato.
1481 2061 1489 2086 f

344 2131 377 2227 ς.
404 2127 657 2203 ccccxxix.
680 2127 764 2199 Ne'c
787 2127 876 2202 haec
894 2129 956 2203 diu
983 2131 1118 2204 duravit
1143 2156 1232 2229 pax,
1268 2134 1362 2208 bello
1383 2126 1487 2227 resurr·

291 2244 334 2302 to
361 2251 392 2302 a.
423 2233 550 2316 158o.,
577 2221 782 2296 Navarraeo
815 2224 852 2297 in
878 2225 1118 2320 Aquitaniam,
1144 2252 1182 2302 et
1209 2231 1379 2305 Condaeo
1401 2219 1487 2298 iuPl·

292 2321 466 2410 cordiam,
492 2320 730 2410 irrumpente,
756 2323 802 2392 ob
829 2320 918 2414 passi
936 2324 1156 2398 conditiones
1175 2349 1244 2400 non
1264 2327 1421 2422 inpletas,
1444 2309 1484 2384 vti

291 2417 460 2506 violatas,
504 2412 722 2509 Rupellanis,
764 2416 887 2488 bellurn
922 2435 1056 2492 temere
1096 2419 1298 2518 susceptum
1337 2417 1423 2498 ratis,
1454 2405 1480 2477 se

319 2514 430 2590 ιιὶεῑοε
455 2511 669 2586 tenentibus.
717 2511 786 2581 Sed
810 2529 846 2581 et
869 2513 952 2584 illud
976 2517 1121 2603 eodem,
1146 2543 1219 2614 quo
1241 2515 1392 2612 incepit,
1409 2519 1476 2581 anuO

293 2539 440 2688 initum
477 2605 548 2696 est,
582 2607 661 2701 quia
693 2603 895 2682 Castmirum
924 2609 1133 2698 Palatinum,
1163 2638 1185 2685 a
1220 2617 1385 2689 Condaeo
1406 2596 1478 2675 etci-

291 2725 392 2795 tum,
424 2703 623 2779 metuebant
655 2700 778 2802 Regii,
815 2725 851 2776 et
877 2707 962 2778 Dur
996 2709 1255 2805 Andegavensts
1287 2705 1418 2784 tendere
1444 2688 1476 2764 us

291 2799 533 2897 Principatum
563 2795 739 2896 Belgicam
773 2797 832 2872 sub
857 2803 971 2874 umbra
999 2807 1094 2896 pacis
1119 2809 1271 2881 uolebat.
1323 2805 1477 2878 Renoua

293 2898 416 2996 itaque
443 2896 563 2972 iisdem
594 2893 859 2970 conditionibus
884 2896 934 2969 cll
962 2923 1047 2993 pax,
1080 2904 1136 2976 sed
1162 2903 1242 2997 post
1268 2902 1405 2999 quinque
1425 2904 1484 2956 rna

292 3016 367 3076 uos,
383 2993 499 3068 denuo
524 2993 660 3065 turbata
688 3015 717 3067 a.
746 3001 871 3082 1585„
898 3015 959 3087 per
984 2994 1224 3072 funestissimos
1250 3018 1373 3078 motus,
1392 2995 1469 3082 autu·

292 3091 387 3170 tibus
413 3086 574 3164 Henrico
601 3086 719 3178 Duce,
744 3105 782 3160 et
814 3091 937 3160 Carolo
962 3091 1142 3168 Borbonio
1174 3091 1360 3176 Cardinali,
1380 3081 1464 3154 statn-

293 3189 391 3274 bus,·
409 3182 671 3280 conspiratione
699 3205 778 3259 curn
804 3184 926 3255 zelotis
950 3185 1158 3278 Pontificiis,
1191 3211 1228 3264 et
1255 3195 1350 3284 Rege
1370 3171 1471 3276 Hispa·

292 3283 396 3366 niae,
421 3279 530 3363 inita,
555 3277 696 3351 nomine
719 3281 805 3371 ligat
820 3277 957 3371 sauslhr
975 3305 1075 3374 nota,
1103 3287 1173 3359 hoc
1190 3291 1295 3385 scopo
1309 3291 1341 3360 in
1357 3273 1462 3359 primus

290 3395 332 3453 ut
356 3375 474 3450 domui
503 3373 715 3446 Borbonicae
741 3396 870 3448 corona
900 3377 1030 3456 Gallica
1058 3383 1279 3478 eriperetur,
1304 3399 1338 3455 et
1358 3371 1461 3462 Natat·

290 3496 391 3550 raeus
417 3467 664 3544 accondaeus
689 3468 979 3563 excluderentur,
1017 3498 1195 3572 praetextu
1221 3505 1324 3562 vero,
1352 3487 1380 3542 ut
1401 3453 1461 3530 reh-
1509 3485 1511 3492 ’

289 3571 354 3670 gio
371 3566 552 3644 Catholica
569 3564 653 3637 sarta
675 3563 767 3638 tesia
783 3588 940 3658 maneat,
958 3573 1152 3650 haeresibus
1168 3571 1369 3670 exstirpatis,
1383 3554 1466 3631 ²⁶²⁰·

284 3689 360 3867 θῦε
380 3687 487 3816 aratu
507 3655 588 3768 poll
613 3659 812 3770 Heusicutu
835 3663 906 3768 ill,
936 3668 1177 3780 adulteretur
1201 3673 1301 3771 Rex,
1329 3645 1465 3840 {ffi-
