3098 4436
562 171 672 276 Sertei.¹
699 191 801 270 XVI.
1228 222 1300 302 379

67 393 121 468 ta,
146 373 205 454 bis
230 375 356 454 verbis
383 377 566 456 valedexit
592 379 791 467 Lutberus,
816 370 896 466 stris
919 395 975 450 nos
1004 369 1151 546 Apgioli
1184 385 1298 473 gentis

61 473 184 568 velisne
194 475 417 566 slavonicae,
436 498 577 572 egotam
594 480 675 550 ansis
690 473 920 566 sroApolioln:
937 478 1046 568 gentis
1087 480 1294 552 armonicae:

63 571 180 644 nescio
212 593 258 644 au
294 575 374 645 sans
407 571 593 648 modeste?
625 571 840 649 Societatem
875 568 982 644 etiam
1015 587 1099 644 tunc
1131 570 1298 650 fecerunt

64 685 145 740 curn
166 663 335 740 Martino
360 669 497 745 Bucero
520 666 771 767 Argentorati,
805 663 906 740 millo
929 665 971 740 ad
1003 688 1105 756 enm,
1140 667 1296 766 aliosque

66 760 359 856 Argentinenses,
384 766 523 862 legato,
556 789 636 840 cum
661 783 697 839 ut
722 761 891 858 judicium
913 783 1036 836 eorum
1063 763 1108 836 de
1129 763 1291 842 confelii·

65 877 132 930 one
155 861 437 956 expiscarentur,
463 881 535 938 tum
563 881 600 937 ut
621 861 683 961 ipsi
705 860 847 933 aliorum
870 859 1125 952 cognoscerent
1148 859 1288 936 institu-

64 969 107 1026 ta.
155 956 340 1030 eonfeffio
366 980 472 1050 vero,
529 981 606 1033 uam
630 961 764 1045 innuo,
791 953 907 1027 oblata
934 953 983 1026 est
1007 977 1038 1029 a.
1068 976 1174 1046 1535.
1200 959 1286 1030 Fer·

61 1047 215 1156 dinando
240 1053 361 1148 Regi,
397 1074 435 1126 ut
459 981 603 1129 adiutis
626 1048 902 1130 adversariorum
925 1050 1118 1124 malediiirs
1140 1053 1284 1129 obviarn

60 1164 149 1219 trent
175 1145 328 1239 fratres,
353 1149 491 1247 seseque
515 1153 557 1226 ab
582 1147 806 1248 euangelicae
829 1164 867 1218 et
891 1146 1043 1241 purioris
1067 1147 1151 1218 fidei
1176 1147 1285 1224 setta-

62 1239 198 1316 toribns
234 1267 308 1318 non
339 1245 518 1320 discedere
550 1245 797 1344 fignifiearent.
847 1241 964 1410 quare
996 1241 1174 1316 Lutberus
1203 1267 1282 1319 eant

60 1333 316 1442 lyittebergae
331 1341 447 1414 denuo
465 1345 590 1418 excudi
609 1341 763 1428 curavit,
787 1357 868 1433 prae
886 1339 1006 1412 atione
1029 1341 1284 1433 commendatiq

61 1445 108 1502 tra
133 1437 306 1530 praesuta.
338 1436 469 1510 Prostat
494 1437 594 1512 etiam
618 1439 653 1512 in
679 1433 928 1514 Waldensibus.
941 1433 1047 1531 Lydii
1074 1455 1159 1509 tom.
1184 1438 1231 1515 ll.

106 1528 137 1625 s.
163 1532 424 1605 CCCLXXXl.
449 1535 563 1608 Status
586 1557 729 1623 eorum,
762 1530 821 1624 qui
846 1531 942 1604 ada.
974 1534 1211 1630 ¹547·11sque
1241 1533 1279 1610 se

62 1619 150 1698 haud
179 1637 273 1701 male
297 1632 481 1722 babuerat,
506 1628 618 1704 subito
644 1629 771 1704 turbari
790 1627 912 1720 coepit
926 1648 987 1718 per
1002 1628 1281 1721 ferdinandum,

66 1719 235 1796 bohemis
263 1725 308 1796 ob
334 1745 459 1820 negata
483 1724 624 1800 subsidia
655 1745 779 1799 contra
801 1720 998 1792 Elesiorem
1028 1721 1200 1796 Saxoniae
1225 1727 1281 1799 in·

68 1811 228 1908 sensum,
253 1817 289 1890 in
312 1820 430 1914 primis
452 1821 649 1908 Fratribus,
675 1819 712 1892 in
736 1839 822 1914 quos
846 1816 960 1886 omnis
982 1815 1083 1908 culpa
1107 1813 1174 1888 suit
1195 1840 1280 1894 con·
1413 1887 1421 1910 ,

67 1910 162 2002 jesia.
216 1915 306 1988 Vid.
332 1915 410 1988 bist.
433 1917 662 2014 persecutionis
679 1915 810 1988 Bolum.
832 1909 1016 1987 CXXXV.
1070 1909 1168 2005 lpse,
1195 1915 1283 1988 Pro·
1327 1993 1335 2002 ,

71 2007 275 2085 testantibus
301 2009 336 2082 in
370 2011 555 2086 Germania
580 2011 764 2107 superatis,
789 2033 819 2082 a.
847 2027 953 2100 1547·
977 2003 1180 2082 Bnbemiam
1198 2032 1283 2086 cum

70 2107 225 2180 exercitu
254 2106 421 2196 intravit,
456 2109 596 2204 Pragam
621 2106 832 2203 occupavit,
865 2123 902 2174 et
934 2100 1144 2198 praecipuos
1174 2106 1283 2182 Baro·

72 2219 167 2292 nnm,
195 2198 384 2277 Nobilium
402 2225 442 2276 ac
458 2205 611 2292 civium,
632 2205 828 2278 carceribus
843 2198 1001 2288 inclusit,
1026 2197 1189 2295 quosdam
1207 2203 1281 2278 vir·

72 2295 120 2388 gis
144 2297 332 2393 perculsit,
366 2300 451 2372 alios
473 2320 584 2374 morte
608 2299 770 2394 punivit,
803 2297 857 2370 vel
892 2292 1043 2390 pecunia
1074 2295 1282 2391 muliiavit,

74 2413 127 2463 aut
159 2392 373 2490 proscripsit.
420 2395 566 2490 Jesuitas
590 2417 746 2492 quoque,
764 2411 811 2466 ut
832 2389 1046 2464 adversarios
1068 2388 1200 2468 facilius
1216 2395 1283 2468 do·

75 2507 201 2581 maret,
228 2491 369 2585 Pragam
386 2489 600 2579 introduxit,
625 2491 801 2588 splendido
821 2487 865 2560 iis
880 2485 1000 2560 netto
1017 2486 1190 2583 collegio,
1215 2513 1283 2564 un·

76 2583 114 2652 de
135 2589 169 2661 in
196 2589 260 2660 alia
282 2585 489 2681 irrepserunt
509 2590 603 2674 loca,
636 2587 795 2684 viamque
817 2583 859 2655 ad
886 2582 991 2671 mala,
1024 2581 1145 2690 quibus
1168 2585 1285 2681 presla

77 2677 122 2752 est
151 2681 341 2770 Bobenia,
372 2700 543 2778 pararunt.
590 2683 770 2756 Praeterea
802 2675 916 2752 editta
945 2677 1136 2774 publicavit
1160 2681 1281 2776 varia,

78 2779 195 2868 quibus
226 2779 374 2874 Templa
407 2779 519 2860 claudi
550 2777 737 2870 jubentur,
760 2774 968 2850 exercitium
990 2771 1173 2869 religionis
1195 2801 1283 2871 pro·

79 2865 226 2965 hibetur,
253 2874 460 2966 deinregiis
483 2873 745 2970 possesionibus
769 2871 861 2947 intra
872 2867 923 2959 ba
940 2869 1016 2941 dies
1033 2871 1282 2966 expelluntur,

80 2963 222 3067 denique
256 2969 406 3044 ministri
447 2971 601 3043 Fratrum
636 2968 680 3042 ad
714 2987 882 3072 carceres·
907 2965 1126 3038 damnantur.
1177 2969 1284 3058 Unde

80 3055 204 3140 saelum
229 3063 302 3154 est,
327 3085 365 3138 ut
388 3065 474 3139 varii
506 3064 638 3138 suerint
661 3062 815 3150 adfliiii,
839 3060 898 3135 alti
921 3058 1152 3152 incarcerati,
1186 3063 1283 3140 inter

81 3177 159 3248 quoa
187 3159 361 3256 praecipui
392 3159 533 3236 suerunt
577 3160 696 3234 Paulus
735 3157 894 3234 aniacut
943 3153 1143 3248 Diaconos,
1169 3157 1285 3234 Geor·

81 3251 150 3346 gius
172 3257 294 3346 lsrael,
320 3253 434 3330 Pastor
457 3254 630 3330 Ecclesiae
658 3251 930 3344 Turnovienfis,
954 3269 993 3328 et
1017 3249 1194 3348 Johannes
1208 3255 1290 3336 Aua

81 3351 185 3444 gusta,
218 3351 498 3428 Litomitbiensrs
531 3349 660 3426 Pastor.
709 3350 868 3450 Quorum
899 3350 970 3424 duo
993 3347 1100 3444 primi
1122 3348 1286 3448 iugulari

81 3450 208 3524 ratione
232 3447 419 3536 divinitus,
453 3466 491 3522 ut
517 3447 645 3540 fertur,
676 3449 858 3523 evaserunt
880 3445 917 3521 iu
939 3443 1122 3535 Pruffiam,
1146 3467 1185 3521 et
1210 3469 1285 3521 ter·

81 3549 158 3634 tius,
181 3543 256 3638 post
281 3540 427 3618 sedecim
453 3565 618 3618 annorum
644 3565 775 3618 moram
798 3543 1010 3628 incarcere,
1035 3539 1284 3636 modicopane

82 3657 116 3712 et
138 3663 214 3738 aqua
237 3636 464 3734 sustentatus,
493 3641 589 3738 varie
602 3659 744 3814 ffim’
775 3639 916 3718 tandem
942 3636 1153 3732 Magnarum
1175 3631 1297 3809 iim..

194 3782 198 3791 ·
720 3755 743 3810 2
1132 3749 1174 3808 ce
1213 3749 1284 3818 020
