3000 4800
128 652 198 785 =ate
532 670 683 772 lastaria
705 671 982 775 Etcltsssstrifl.

140 849 339 1029 'ipistlom'
370 873 457 1022 qim
495 852 672 928 Scultetut
702 851 740 931 in
770 855 963 934 Annalibua
995 870 1135 952 quoque
1164 848 1367 946 recensuit,

164 971 231 1025 acu
246 972 345 1024 enter
368 974 387 1022 e
412 969 529 1023 ocent.
1347 1008 1349 1012 .

199 1046 233 1145 l.
259 1047 361 1124 Vlll.
388 1043 481 1121 Urstt
504 1047 642 1141 vlegatus
669 1043 704 1118 in
730 1032 929 1145 colloquio,
954 1065 993 1120 ut
1016 1045 1169 1144 aliquem
1193 1046 1364 1144 ejusdem

147 1142 390 1232 intelledlum,
415 1145 453 1216 in
472 1141 651 1238 principio
670 1141 952 1218 retraclationem
969 1165 1149 1234 errorum,
1167 1168 1186 1218 a
1201 1145 1365 1220 Luthero

140 1237 366 1328 ,faciendam
401 1237 498 1315 omui
522 1236 668 1334 seposita
691 1238 950 1334 disputatione5
981 1262 1062 1314 curn
1091 1263 1178 1314 vero
1202 1264 1279 1315 eam
1302 1240 1365 1314 de·

148 1333 292 1413 clinaret
324 1334 519 1424 Lutherut,
558 1333 685 1432 quippe
718 1357 872 1411 errorum
906 1334 969 1409 srbi
1006 1359 1077 1409 non
1109 1338 1285 1424 conscius,
1327 1355 1366 1410 et

146 1450 309 1528 peteret,
335 1453 372 1504 ut
398 1453 518 1504 eorum
542 1451 585 1504 ex
607 1428 789 1526 Scriptura
805 1434 838 1508 S.
858 1433 1149 1522 convinceretur,
1176 1431 1366 1509 cardinalia

147 1525 237 1603 duos
253 1526 420 1623 protulit,
447 1549 553 1600 unum
571 1527 663 1622 quod
679 1526 931 1623 indulgentias,
957 1546 994 1602 et
1019 1528 1142 1602 bullam
1170 1530 1363 1608 crementi·

151 1623 242 1711 vl,
276 1622 541 1719 inpugnaverit,
567 1623 710 1695 alterum
734 1622 827 1697 circa
849 1624 956 1698 fidem
978 1625 1294 1716 sacramentorum,
1328 1624 1367 1701 iu

149 1741 195 1794 eo
212 1718 332 1806 strum,
357 1720 448 1815 quod
465 1716 524 1814 qui
538 1719 578 1791 ad
595 1719 856 1794 Sacramentum
874 1719 1025 1808 accedit,
1053 1722 1198 1794 credere
1214 1722 1365 1808 debeat,

147 1817 185 1893 se
210 1815 353 1911 gratiam
382 1815 456 1910 ejua
479 1814 744 1889 consecuturum
768 1814 848 1891 elie.
901 1817 959 1890 De
983 1814 1173 1910 posteriore
1231 1817 1365 1909 arcina,

149 1911 210 1986 sed
227 1914 271 1986 de
289 1910 407 2020 priore
424 1910 590 1997 multum,
619 1909 670 1983 est
686 1909 813 1984 uelum.
868 1913 1020 1985 Incurrit
1039 1933 1155 1987 autern
1174 1841 1367 2005 offensam,

149 2008 246 2103 ¹quod
284 2009 498 2099 Scrrpturatn
526 2007 561 2080 8.
592 2005 788 2100 praeferret
816 2007 927 2081 bullae
960 2007 1219 2094 Clementinae,
1251 2027 1287 2080 et
1315 2031 1365 2084 ex

149 2104 239 2180 bulla
259 2103 347 2184 nihil
365 2102 599 2176 contenderet
622 2102 763 2197 probari
790 2102 906 2198 polie,
930 2102 1024 2198 quod
1052 2104 1257 2202 opinionem
1285 2104 1364 2178 To·

149 2221 229 2275 mae
252 2216 388 2274 tanturn
412 2196 559 2287 recitet,
585 2215 621 2270 et
647 2200 849 2292 scripturae
873 2198 1081 2276 adversetur.
1131 2196 1261 2274 Noluit
1276 2221 1367 2274 veto

148 2313 197 2373 ex
220 2296 399 2391 Scriptura
424 2317 506 2367 cum
531 2293 686 2368 Lutbero
711 2293 904 2388 disputare,
939 2294 1014 2368 imo
1039 2293 1149 2391 ipsum
1176 2296 1219 2368 ad
1244 2296 1365 2389 Scrip-

98 2396 101 2403 “
148 2411 242 2482 tutat
260 2410 516 2486 provocantem
533 2387 658 2476 irrisit,
679 2410 716 2461 et
732 2392 928 2464 Dodlorum
948 2388 1131 2486 opinionet
1146 2389 1209 2484 ipst
1227 2410 1364 2465 tantum

145 2486 302 2579 objecit,
328 2505 402 2559 erat
428 2483 522 2556 enim
547 2499 630 2557 tunc
646 2483 760 2559 adhuc
777 2485 978 2583 scripturae
1001 2485 1140 2580 ignarus
1160 2487 1376 2582 Caietanut,

144 2577 1173 2758 lllrtstnsts‘alststilles'llllsdt
1181 2638 1203 2751 ’2
1216 2604 1364 2752 list

147 2735 291 2855 cherum
315 2699 573 2860 aneriacum
600 2769 696 2845 abire
717 2771 830 2863 jussit,
856 2702 939 2848 etpa
965 2702 1138 2869 Staupitio
1154 2704 1363 2870 retiiristvit,

146 2892 191 2955 ttt
222 2893 303 2949 eum
329 2887 537 2956 revocaret,
569 2888 608 2942 et
632 2888 676 2941 err
699 2866 875 2964 Scriptura
897 2888 1139 2945 convinceret.
1189 2871 1366 2946 Posterius

146 2967 331 3045 excusavit
370 2965 583 3061 Staupitius,
625 2963 759 3059 quippe
797 2965 840 3038 ad
872 2963 909 3037 id
939 2964 1223 3063 ineptua,'priur
1255 2967 1293 3041 in
1326 2967 1365 3041 se

146 3062 321 3158 suscepit,
346 3083 459 3156 eoque
483 3058 627 3135 adduxit
654 3060 868 3149 Lutlterum,
893 3078 931 3132 ut
954 3061 1164 3137 mottiffimas
1183 3063 1226 3136 ad
1244 3061 1365 3138 Cardi-

146 3163 262 3240 ualem
299 3156 476 3252 scripserit
514 3158 663 3240 litteras,
702 3154 826 3253 quibus
851 3155 1100 3231 humanitatem
1126 3159 1202 3254 ejus
1227 3158 1366 3250 laudat,

146 3253 415 3339 irreverentiam
446 3275 528 3349 erga
559 3249 767 3327 Pontificem
793 3251 954 3337 excusat,
990 3254 1093 3348 seque
1117 3275 1273 3346 paratum
1300 3256 1365 3328 de·

146 3356 253 3432 clarat
287 3351 384 3426 silete
417 3348 461 3423 de
487 3345 738 3443 indulgentiis,
760 3349 785 3423 st
809 3348 901 3424 idem
928 3347 1058 3422 faciant
1074 3349 1279 3439 adversarii,
1304 3351 1364 3425 sed

145 3448 416 3525 revocationem
451 3443 629 3520 doetrinae
654 3442 733 3518 suae
756 3446 900 3520 recusat.
942 3446 997 3517 Ad
1022 3446 1259 3542 quaslitteras
1283 3469 1368 3522 cun

144 3546 230 3623 nihil
254 3542 480 3636 responderet
519 3539 708 3617 cardinalia
745 3543 824 3615 alias
862 3539 1013 3635 scripsit,
1058 3543 1184 3640 quibua
1213 3542 1366 3637 adpella-

163 3645 282 3718 'onem
299 3640 414 3731 suam,
431 3663 451 3712 a
467 3641 558 3735 Papa
576 3639 664 3710 male
690 3637 884 3714 informato
900 3640 941 3712 ad
959 3637 1082 3712 melius
1096 3637 1365 3714 informandum

145 3662 338 3836 ignificat,
362 3754 400 3811 et
424 3735 604 3810 discessum
638 3732 733 3809 suum
757 3736 910 3809 excusat.
964 3735 1047 3834 Quo
1070 3733 1164 3809 fado
1187 3736 1222 3810 se
1248 3733 1366 3811 subito

143 3834 309 3916 liabduxit
335 3834 526 3921 Lutherut,
568 3847 605 3902 et
640 3829 714 3919 ejus
742 3830 915 3907 Notarius
939 3833 1184 3926 adpellott'onem
1209 3831 1246 3905 iu
1280 3829 1365 3903 foro

144 3932 292 4018 adfixit,
318 3931 355 4004 in
381 3953 446 4028 qua
471 3926 610 4027 questus
633 3923 700 4011 est,
727 3929 838 4025 quod,
871 3953 950 4002 curn
980 3929 1023 3999 de
1046 3927 1291 4022 indulgentiis,
1325 3932 1365 3999 e't

144 4055 218 4124 non
244 4027 291 4101 de
313 4025 404 4114 fide,
431 4047 490 4101 aut
515 4041 706 4122 praecepto
726 4025 816 4105 Dei,
848 4027 905 4099 vel
923 4023 1115 4108 Ecclesiae,
1141 4045 1276 4099 tanturn
1295 4019 1365 4095 dil'·

138 4122 341 4233 paverit,
364 4123 505 4225 seseque
524 4115 661 4224 judicio
677 4120 854 4200 Ecclesiae
873 4143 913 4200 et
931 4125 1042 4220 Papae
1059 4119 1367 4294 submiseriffiro

135 4268 153 4320 ς
1324 4238 1365 4303 θ’,
