3098 4436
538 177 650 254 Serui.
679 171 781 253 XVI.
1194 201 1265 279 377

55 365 142 440 nem,
167 345 223 424 seu
245 350 362 430 zelum
388 355 506 448 sunm,
531 357 615 453 paffi
640 353 722 448 lint,
749 354 803 432 uti
830 355 1030 454 exemptum
1057 350 1108 430 est
1133 352 1170 430 in
1187 355 1265 430 An·

50 441 121 518 drea
142 443 335 542 Polocoka‚
363 452 652 552 Cattenbergensi
676 454 778 543 cive,
812 452 872 552 qui
896 459 1030 545 zelum,
1055 473 1263 566 quopopu·

50 538 163 614 lumab
182 538 385 623 idololatria
408 548 545 646 public'e
571 570 721 624 avocare
748 549 922 646 adgrelloe
943 546 1013 640 ell,
1038 547 1261 624 vivicombu·
1294 552 1299 567 ‘

50 632 97 707 rio
117 637 227 710 debuit
250 641 372 734 luere,
394 668 424 722 a.
446 660 552 737 1511.
579 643 670 719 Hist.
689 645 820 742 persec.
837 645 985 719 Bohem.
1002 667 1035 721 c.
1051 645 1190 722 XXVI.

96 729 400 825 §.CCCLXX1X.
430 743 529 818 Circa
560 741 633 816 hoc
660 760 819 836 tempus,
848 742 907 816 vel
935 742 1041 838 paulo
1067 757 1167 830 ante,
1191 741 1261 814 Bo·

56 822 156 917 hemi,
182 831 329 910 utilitati
356 835 533 913 Ecclesiae
561 836 709 925 intentl,
736 835 848 912 biblia
874 837 1061 912 vernaculo
1084 837 1259 910 idiomate

54 925 144 1014 primi
166 925 433 1027 Europaeorum
458 949 623 1008 curarunt
636 928 779 1030 inprimi
796 930 982 1020 Veneriis,
1008 949 1045 1006 et
1064 933 1162 1006 brevi
1180 930 1260 1021 post

53 1016 276 1120 Noribergae,
304 1029 367 1104 ubi
382 1027 486 1104 etiam
501 1028 674 1126 confeffio,
691 1053 759 1104 una
776 1051 858 1103 cuni
876 1029 1043 1124 apologia,
1061 1025 1259 1117 Uludissao,

54 1133 86 1186 ut
105 1117 203 1192 modo
229 1121 329 1214 dixi,
357 1125 488 1220 oblata,
514 1127 639 1200 excusa
664 1123 736 1213 est,
762 1142 799 1198 et
817 1145 846 1198 a.
869 1145 975 1213 1511.
1001 1121 1043 1195 ad
1058 1120 1259 1211 Erasmum,
1330 1215 1334 1224 .

56 1228 88 1281 ut
102 1215 376 1310 examinaretur,
401 1239 456 1313 et,
481 1222 505 1298 si
526 1241 630 1320 pote,
656 1221 922 1316 adprobaretur,
947 1215 1058 1292 milla.
1109 1219 1260 1292 Favora·

55 1305 112 1380 bile
135 1309 275 1406 quidem
301 1319 348 1390 ab
375 1315 453 1412 ipso
476 1338 685 1414 acceperunt
707 1315 927 1409 responsum,
953 1315 1012 1388 sed
1037 1311 1259 1409 adprobatio.
1383 1361 1386 1370 ,

57 1422 123 1476 aem
151 1428 220 1479 non
256 1414 484 1506 inpetrarunt
523 1415 718 1509 publicam,
752 1415 798 1484 ob
840 1411 992 1484 rationes
1031 1408 1258 1507 prudentiae,

56 1501 122 1590 quia
153 1501 211 1576 sibi
247 1529 419 1598 noceret,
452 1509 532 1606 ipsis
558 1533 627 1582 non
656 1507 841 1602 prodesset.
890 1508 1031 1592 Causam
1058 1527 1262 1580 cumeneo·

55 1611 116 1666 rum
141 1606 212 1692 egit
240 1603 424 1693 Erasmus,
448 1605 483 1678 in
502 1603 721 1700 responsione
737 1604 779 1673 ad
798 1601 993 1692 Jolrannem
1011 1602 1260 1692 Schlechiam,

56 1687 178 1764 fratrum
205 1701 517 1788 calumniatorem,
542 1701 641 1794 cujus
655 1697 814 1771 convitia
832 1694 977 1767 mascula
995 1697 1135 1770 retudit.
1172 1697 1258 1775 Viel.¹

56 1805 188 1881 excerpto
213 1792 369 1868 libroruin
387 1795 554 1891 Johannis
573 1791 713 1880 Lasitii,
739 1791 781 1862 ad
800 1790 931 1860 calcem
951 1787 1028 1862 libri
1046 1789 1118 1882 ejus
1133 1795 1258 1881 ellari,
1388 1799 1390 1805 ’

60 1883 106 1972 qui
135 1887 216 1958 sulus
248 1889 300 1964 est
328 1893 451 1964 Latine
475 1890 595 1966 editus.
627 1882 858 1962 'Familiaiius
886 1903 1076 1957 varocum
1103 1885 1258 1960 Lutliero

59 1974 228 2056 hibuerunt
254 1990 510 2064 commercium
536 1989 579 2060 ab
604 2009 634 2060 a.
660 2005 786 2074 ista,
812 2003 830 2052 a
852 2003 922 2077 quo
946 1978 1114 2054 laudabile
1131 1983 1258 2056 conse-

60 2075 118 2144 cuti
148 2077 219 2150 sunt
251 2083 509 2169 testimouium,
542 2105 611 2179 quo
642 2075 852 2166 declaravit,
886 2074 1042 2173 ipsorod
1073 2081 1255 2170 puritatem

60 2167 214 2268 ¹ll‘uurigeli’i'
244 2183 377 2270 propius
411 2179 579 2267 occidere,
614 2201 708 2270 quum
733 2176 833 2260 allos,
869 2199 944 2268 quor
975 2178 1130 2268 cognovit.
1182 2177 1255 2252 Sed

60 2263 121 2336 llud
145 2275 391 2348 commercium
424 2297 452 2346 a.
481 2297 585 2366 1524.
616 2285 852 2366 interruptum
884 2268 934 2342 est
957 2291 1022 2366 per
1045 2269 1167 2342 decern
1191 2294 1259 2344 an·

63 2377 127 2444 ¹¹0³.
151 2371 332 2444 occasione
357 2369 561 2465 legationis,
587 2391 633 2440 eo
656 2389 748 2441 anno
772 2364 813 2436 ad
840 2363 1032 2436 liutherum
1047 2366 1182 2452 millae,
1207 2369 1253 2442 ad

62 2453 239 2550 dl'sir'pli‘uoni
273 2471 309 2536 in
341 2463 528 2558 renascente
570 2462 718 2557 Ecclestu
748 2465 794 2536 ihi
826 2460 962 2533 loturum
1005 2459 1250 2556 inspiciendum.

65 2547 144 2642 Qute
172 2551 367 2655 cumipsss
397 2561 635 2658 displicuisset,
660 2563 705 2633 ob
739 2557 826 2630 hanc
850 2553 983 2630 causant
1009 2557 1204 2648 Lutlretua,
1229 2579 1283 2634 α’
1339 2643 1345 2654 ,

65 2651 213 2730 malevolis
245 2660 435 2747 excitatus,
470 2657 580 2730 minus
605 2660 693 2729 bene
716 2657 757 2726 ab
776 2674 818 2722 eo
836 2669 996 2761 tempore
1014 2653 1057 2759 de
1078 2653 1254 2731 Fratribus

66 2746 233 2840 cuglrmit,
265 2776 308 2828 ac
342 2757 474 2828 locutus
507 2753 569 2824 eil.
630 2745 876 2844 Reprehendit
913 2769 948 2820 ru
980 2747 1121 2840 primis,
1155 2753 1252 2847 quod

68 2832 192 2918 inianter
210 2874 279 2922 non
300 2849 437 2946 propria
456 2851 490 2920 iu
508 2849 599 2935 fide,
623 2847 678 2918 sed
697 2841 887 2930 Ecclesiae,
916 2841 1255 2952 baptizarem-mos

67 2948 124 3006 ltin
147 2961 227 3016 cuin
261 2947 414 3020 foemina
440 2947 580 3016 choreas
605 2940 736 3016 ducere
764 2953 946 3026 vetarent,
968 2935 1253 3031 justificationem

67 3021 188 3128 denique
212 3041 364 3116 bominis
388 3063 507 3138 parum
534 3039 664 3112 sincere
689 3034 926 3131 explicarent,
953 3033 1175 3110 innocentiae
1199 3039 1256 3112 vi·

69 3133 112 3226 ile
140 3133 207 3222 plus
238 3138 313 3214 satis
345 3133 540 3210 tribuendo.
591 3136 647 3208 Ad
681 3131 773 3228 quod
806 3129 965 3218 Fratres,
999 3131 1092 3225 quod
1126 3145 1255 3210 notatu

70 3213 188 3308 dignuin
210 3233 275 3322 est,
301 3233 569 3327 responderunt,
594 3231 627 3304 se
652 3225 788 3310 mitari,
814 3225 907 3321 quod
934 3225 1109 3300 Lutlrerus
1133 3230 1166 3302 in
1177 3229 1251 3326 fide
1278 3239 1285 3246 '

68 3307 314 3419 depraedicapda,
340 3347 371 3401 et
402 3331 551 3424 peccatis
580 3344 638 3419 per
669 3350 739 3398 cam
762 3321 874 3414 facl'se
914 3323 1138 3411 remillelldl'l,
1169 3332 1251 3402 adeo

69 3423 232 3512 eicaparue,
265 3433 298 3500 in
322 3428 470 3521 urgendis
495 3421 622 3519 plenis
640 3421 791 3517 justitiae
808 3419 913 3516 fidel,
932 3439 993 3514 per
1017 3423 1252 3515 poenitentiarii

62 3497 95 3660 {a
115 3511 335 3618 referentibus,
366 3527 474 3598 atinus
500 3541 611 3617 operae
631 3531 774 3613 poneret.
824 3514 910 3593 Vid.
935 3514 1056 3592 Lasttii
1079 3535 1251 3610 excerpta

80 3645 89 3664 .
110 3618 159 3674 cir.

109 3687 181 3776 loris.
201 3711 274 3789 Vll
389 3719 422 3803 '.
601 3706 694 3782 Bbb
954 3702 986 3800 u.
1011 3685 1252 3778 cccbm
