3170 4430
579 227 686 314 Strui.
710 224 812 304 XVI.
1232 251 1301 324 ⁵33

59 416 114 497 'tis
139 411 289 514 scriptis
312 404 461 486 eristicis
485 405 531 482 de
552 403 721 496 Persona,
747 406 803 482 vel
823 404 985 495 Deitate,
1011 399 1154 494 Christi,
1179 403 1306 500 eteius

58 513 337 595 satisfadiione,
363 526 485 582 contra
509 501 760 598 Smiglecium,
784 499 952 599 Jesuitam
970 503 1160 591 Polonum,
1184 501 1304 576 Philo·

59 613 105 691 so
137 613 227 684 hiae
254 627 291 680 et
315 601 539 696 Theologiae
571 597 768 679 Dociorem
804 597 954 686 Vilnae,
989 598 1160 671 celebrem
1193 597 1303 694 Logi-

59 638 220 796 eidam,
260 720 383 776 contra
415 698 609 772 Graverum
641 690 993 788 Ravenlpergerum,
1027 691 1230 786 Franzium,
1265 711 1303 768 et

58 803 178 894 arios,
208 819 287 875 turn
311 795 461 890 denique
486 790 727 864 moderatione
751 788 790 862 in
814 789 914 862 causa
939 787 1122 884 baptismi:
1150 788 1304 888 stnequo
1364 799 1373 810 ·

61 904 109 978 ad
135 895 436 974 communionem
460 889 551 962 suam
571 885 709 958 admitti
727 881 839 958 voluit
853 884 1019 974 Socinus,
1047 885 1102 957 sed
1119 885 1302 984 indulgen·

61 999 154 1074 dum
181 993 282 1080 elle,
307 1007 345 1064 er
366 984 560 1060 cedendum
587 975 759 1078 tempori,
783 977 865 1053 urstt
889 979 1074 1070 Smalcius,
1109 1002 1302 1076 propterea

61 1117 86 1170 a
113 1088 261 1166 Soeino
285 1086 322 1158 in
345 1077 488 1170 litteris,
514 1099 599 1174 quae
623 1079 667 1152 ab
691 1101 721 1152 a.
749 1097 856 1171 1593.
883 1076 923 1150 ad
950 1074 1061 1172 ipsum
1085 1071 1220 1150 exstant
1243 1099 1303 1150 va·

62 1189 170 1275 riae,
204 1177 446 1276 reprehensus.
494 1173 712 1282 Scriptorum
736 1173 812 1266 ejns
843 1172 1037 1268 catalogum
1069 1170 1180 1246 texuit
1212 1171 1301 1248 Bibl.

64 1278 285 1363 Antitrinit.
333 1273 455 1348 Socius
480 1271 552 1366 ejus
576 1291 614 1342 ru
639 1265 819 1342 Cateclresr
850 1267 1055 1346 Racoviana
1085 1265 1302 1358 adornanda,

66 1400 109 1455 et
139 1372 287 1476 Jesuitis
311 1363 520 1452 refutandis,
545 1363 629 1438 licet
647 1363 800 1451 Socino,
825 1363 967 1438 testibus
987 1362 1107 1438 Socini
1125 1361 1303 1461 epistolis,

67 1475 111 1552 in
140 1467 323 1568 baptismo
347 1461 547 1558 abrogando
571 1459 767 1570 latentior,
794 1457 862 1567 fuit
886 1461 1131 1570 Hieronymus
1156 1461 1304 1534 Mosco·

65 1554 1306 1744 {llllnllllsllllllnlltllfegrll“llnlltllallllll
1330 1718 1345 1732 .,

11 1819 20 1834 .
68 1757 347 1836 Czarnovianae
371 1749 533 1822 fundator
556 1766 597 1815 ae
614 1761 789 1837 patronus.
842 1742 907 1814 Cui
923 1743 1065 1830 Socinus
1081 1743 1203 1815 librum
1220 1767 1308 1818 con.

69 1877 131 1930 tra
158 1849 344 1942 Erasmum
368 1837 538 1941 Johaunis
560 1836 741 1936 inleriplit.
792 1831 898 1909 Diem
931 1835 1021 1910 obiit
1055 1833 1250 1934 supremum
1273 1862 1306 1917 a.
1334 1923 1338 1928 ,

71 1957 193 2039 1625.
896 2003 899 2016 .

127 2045 163 2145 §-
195 2037 334 2115 DXlX.
360 2035 502 2110 Celebre
525 2033 632 2108 eriam
655 2032 751 2109 inter
775 2030 890 2108 Socini
913 2030 1060 2108 adseclas
1077 2053 1207 2108 nornen
1226 2053 1308 2110 nac·

80 2161 142 2217 tus
167 2133 222 2209 est
250 2130 421 2224 Georgius
439 2129 647 2225 Enjedinus,
673 2131 880 2226 Hungarus,
903 2127 1132 2202 Ecclesrarum
1149 2129 1308 2205 Unitari·

77 2253 217 2320 orum,
252 2231 308 2302 feu
334 2227 621 2315 socinianorum,
647 2226 684 2306 in
713 2223 961 2323 Tranlylvauia
993 2224 1311 2320 Superintendens,

84 2353 123 2407 et
151 2323 337 2427 Gymnasri
362 2321 649 2418 Claudiopolitani
674 2321 892 2412 moderator,
927 2321 1036 2394 clarus
1059 2342 1088 2394 a.
1119 2329 1245 2414 1587.,
1270 2337 1308 2395 et

84 2441 446 2510 mortuusa.1597.
495 2419 638 2512 Scripsit
669 2417 764 2492 inter
796 2417 860 2492 alia
893 2419 1140 2510 replicationem
1174 2419 1312 2491 locorum

90 2525 171 2600 Ver.
197 2537 232 2595 tr
258 2520 344 2590 Nor.
374 2511 459 2606 Tell.
486 2537 552 2609 pro
578 2513 754 2588 Trinitate
778 2513 909 2588 adferri
933 2514 1122 2588 solitorum.
1176 2512 1246 2609 Qui
1270 2511 1312 2586 li·

87 2623 152 2696 ber
180 2617 219 2690 in
252 2609 502 2706 Tranlylvania
532 2607 595 2681 fuir
618 2610 828 2703 prohibitus,
859 2606 976 2682 multis
1002 2611 1110 2682 etiam
1136 2608 1313 2701 exempla·

90 2719 189 2790 ribus
216 2703 415 2794 conbustis,
450 2702 566 2776 sedin
597 2705 721 2798 Belgio
746 2705 863 2778 denuo
895 2699 1013 2798 postea
1044 2703 1096 2777 est
1128 2704 1310 2803 inprellus.

89 2807 308 2906 Propenlum
336 2824 423 2873 vero
447 2799 488 2872 ad
513 2799 681 2872 Francisci
701 2797 846 2872 Davldis
860 2797 1082 2893 opinionem,
1109 2799 1153 2872 de
1170 2825 1240 2876 non
1259 2802 1312 2874 in·

90 2905 260 2982 vocando
282 2895 443 2985 Christo,
472 2894 512 2966 ad
539 2895 703 2968 saniorem
729 2913 885 2967 mentem
909 2914 1073 2967 revocare
1098 2918 1239 2972 conatus
1261 2893 1317 2984 est,
1448 2895 1452 2902 ’

91 3004 263 3082 Socinus,
290 2995 331 3070 ad
356 3015 435 3068 eum
461 2987 586 3085 scripta
609 2989 753 3086 epistola
769 3012 798 3062 a.
827 2995 931 3079 1596.
982 2988 1114 3063 Defino
1129 2990 1164 3066 in
1183 2995 1314 3090 Johan·

93 3119 138 3172 ne
164 3090 378 3178 Volckelio,
413 3083 628 3161 Gremmeuli
667 3083 838 3160 Misnico.
888 3083 970 3156 Fuit
1000 3085 1310 3184 Plrilippoviensrs,
1379 3089 1381 3098 ⁴

63 3231 67 3242 ·
94 3211 131 3266 et
150 3191 231 3263 dein
249 3183 463 3293 Smiglensts,
490 3177 618 3257 Pastor.
652 3181 742 3281 Qui,
767 3203 846 3256 cum
863 3180 1025 3256 Socinum
1043 3183 1104 3258 srbi
1123 3203 1194 3261 uon
1213 3186 1313 3263 vide·

97 3287 129 3362 ri
155 3281 359 3362 satisfecille
384 3302 418 3351 tn
443 3301 561 3352 errore
586 3278 759 3354 Francisci
777 3277 940 3364 Davidis,
967 3279 1075 3354 modo
1095 3305 1312 3369 memorato,
1452 3282 1453 3292 ’

97 3379 308 3468 refutando,
333 3373 532 3472 scriptiles,
558 3373 704 3449 Socinus
736 3373 770 3448 ci
792 3376 829 3451 in
854 3373 955 3470 epist.
983 3399 1013 3450 a.
1042 3385 1147 3468 1596,
1174 3385 1314 3478 respon·

100 3477 165 3552 dit.
218 3473 286 3550 Sed
323 3494 451 3570 nomen
481 3468 575 3544 suum
608 3472 644 3544 in
679 3471 803 3566 primis
834 3473 1023 3546 celebravit
1056 3496 1118 3568 per
1148 3477 1246 3552 libros
1276 3479 1314 3550 tle

102 3595 182 3648 stra
207 3571 382 3666 religione,
418 3569 545 3662 quibus
566 3564 854 3640 socinianilmum
881 3567 1012 3662 primus
1035 3567 1153 3640 retulit
1186 3573 1224 3644 in
1249 3553 1318 3664 syl·

102 3681 201 3764 patna
231 3662 392 3768 aliquod,
422 3661 558 3748 addidit
590 3659 670 3738 dein
693 3663 838 3740 Crellius
860 3661 984 3744 librum
1011 3663 1049 3740 dt
1077 3663 1153 3779 Pro
1184 3683 1215 3742 er
1249 3670 1322 3763 ejus

627 3757 725 3842 er
749 3781 770 3858 a
1265 3767 1328 3858 942
