3148 4434
559 147 665 255 nin.
694 172 803 290 xm,
1218 209 1292 285 ⁴51

67 353 206 452 pudoris
238 365 447 438 muniturum
475 361 671 459 genitalium
685 393 687 400 ·
700 356 929 453 expugnandi,
959 357 998 434 tle
1016 359 1226 460 polygamiu‚
1250 367 1291 442 dt

68 479 232 550 uxorum,
256 463 294 532 oi
317 457 534 546 dirttfituiem
551 456 636 552 fidei
647 510 657 546 ,
681 459 734 529 tel
756 477 859 530 motor
882 461 989 534 minus
1014 462 1209 558 commodus,
1236 467 1288 538 dl·

67 551 219 650 trtiffittrt
243 575 336 647 ete,
361 557 406 631 iit
431 554 498 630 ullo
520 555 628 627 modo
650 551 851 649 persuadere
874 554 1005 650 potuit.
1057 554 1162 655 Quod
1178 561 1289 635 collo·

68 673 199 747 qurum
213 651 286 726 fule
300 650 480 749 descripsit
495 649 713 724 Bleiudilnur.
762 645 847 724 Nec
862 653 984 724 melius
999 649 1064 760 ipn
1083 674 1164 728 cum
1180 655 1290 749 Meus

71 768 191 834 none,
213 766 250 821 et
269 747 510 837 Menoouitir,
537 744 777 822 successitrer.
821 747 963 821 Meono
978 767 1083 822 etiam
1099 771 1179 825 eum
1196 753 1292 830 relu-
1374 753 1378 762 '

73 844 185 932 tavit,
212 863 248 916 et
277 845 404 918 multos
427 847 470 918 ab
496 863 540 916 eo
571 841 764 918 absterruit.
824 840 1149 921 Monrstetienlium
1179 849 1289 926 etiam
1414 913 1421 920 .

66 937 258 1036 reliquiae,
292 941 330 1016 in
356 935 590 1035 Weliphalia,
616 957 654 1012 et
688 937 825 1032 triplice
854 935 980 1027 Fristu,
1005 937 1191 1036 degentes,
1214 945 1290 1042 eju:

67 1033 300 1112 deserueram
330 1035 551 1124 societatem,
585 1033 860 1131 Argentioenser
885 1033 1008 1111 secuti.
1052 1038 1290 1135 lnprobacunc

69 1135 114 1212 ᾗ]
140 1131 275 1227 specie,
298 1151 336 1206 et
357 1131 500 1206 aversati
524 1135 601 1204 sunt
636 1154 667 1204 1.
687 1129 920 1204 decediionem
938 1133 1171 1210 membrorum
1188 1133 1290 1236 geni&

72 1229 213 1317 tullum,
247 1249 285 1302 et
317 1227 457 1324 pudoris
490 1224 787 1322 profligationem,
820 1226 938 1301 facere
967 1227 1010 1302 ad
1033 1229 1290 1324 perlectionem

71 1326 367 1418 consequendam.
417 1347 448 1398 t.
476 1325 599 1398 Omnia
624 1340 767 1417 peccata
797 1321 834 1395 in
856 1323 924 1394 boc
944 1339 1052 1398 coetu
1077 1325 1147 1401 elie
1176 1330 1289 1422 palam

71 1423 295 1509 confitenda,
344 1445 377 1516 3.
416 1420 632 1494 matrimonii
678 1415 931 1514 obligationem
977 1417 1122 1515 posthac
1162 1424 1290 1499 cellum

72 1523 202 1592 debere
232 1517 323 1613 apud
356 1515 532 1612 perfectos.
570 1537 604 1605 4.
627 1529 765 1609 praeter
794 1512 905 1588 curnis
939 1513 1098 1590 adversus
1121 1518 1290 1616 Spiritum

68 1613 320 1699 rebellionem,
353 1614 462 1686 nullos
495 1610 565 1685 elle
597 1607 830 1682 substantiales
861 1610 1058 1684 daemones.
1111 1635 1145 1702 5.
1171 1616 1291 1692 Alium

71 1733 114 1788 et
130 1733 256 1783 novum
282 1710 460 1782 vindicem
479 1707 691 1804 generalem,
709 1719 746 1774 ct
759 1703 903 1793 ducem,
920 1727 940 1776 a
960 1707 1139 1796 praesente
1150 1715 1290 1802 populo
1402 1747 1405 1754 ·

74 1808 153 1883 Dei
192 1805 259 1880 elle
296 1803 546 1879 observandum
585 1819 623 1871 et
671 1799 897 1905 sequendum,
938 1815 1074 1892 praeter
1114 1799 1293 1893 personam

80 1903 164 2002 Jesu
207 1899 328 1974 Cluilii
363 1901 406 1972 ud
444 1897 602 1972 ultimum
634 1894 803 1989 judicium
835 1911 1026 1967 venturum.
1077 1897 1112 1968 6.
1146 1895 1293 1975 N'ovaot

77 2005 173 2078 itanc
198 1996 390 2070 doiirinam
415 1993 457 2067 ad
483 2013 638 2066 normam
664 1986 895 2084 Propheticae
919 2007 954 2060 et
973 1987 1194 2086 Apostolicae
1211 1993 1295 2070 doc·

78 2101 194 2176 trinae
226 2115 296 2165 non
327 2092 396 2166 elle
429 2089 656 2186 exigendam,
691 2108 758 2161 nec
784 2084 866 2158 inde
898 2083 1198 2162 confirmationem
1233 2113 1294 2184 pe.

78 2191 241 2277 tendam,
272 2210 340 2261 nec
372 2185 476 2356 niuis
507 2184 728 2281 probandam.
779 2181 835 2254 Ad
869 2203 955 2277 quac
987 2183 1103 2256 omnia
1127 2185 1290 2280 rdceliit,

80 2284 264 2390 primarios
293 2285 366 2380 ejus
410 2281 598 2368 creatores,
634 2301 699 2374 per
731 2299 819 2372 quos
843 2278 876 2349 le
899 2277 967 2351 toti
989 2279 1068 2352 orbi
1092 2277 1291 2376 speraverat

81 2405 211 2461 novum
246 2381 402 2452 daturam
437 2377 608 2465 formam,
633 2377 670 2447 in
694 2377 778 2448 urbe
806 2369 997 2468 Delphenst
1021 2393 1058 2448 et
1081 2376 1163 2449 alibi
1191 2375 1301 2472 suillo.

28 2497 34 2510 ·
80 2477 220 2560 infelici
255 2474 327 2547 luto
360 2475 519 2549 sublatos.
578 2473 711 2546 breviit
741 2471 835 2542 enim
868 2469 1100 2543 vehementer
1133 2473 1297 2570 Anubop.

82 2575 260 2657 tiliorum,
295 2571 392 2646 nollo
423 2567 518 2642 fallo
548 2565 758 2650 discrimine,
785 2565 821 2636 in
849 2563 971 2661 primis
997 2564 1295 2661 Devidianorum,

78 2667 282 2772 ‘persecutio
314 2665 351 2738 in
383 2663 588 2751 Hollandia,
623 2683 659 2734 et
685 2657 903 2756 Weliplralia
925 2685 957 2734 a.
987 2661 1114 2754 1537„
1146 2685 1233 2761 quae
1259 2687 1295 2742 et

82 2787 232 2844 matrem
246 2764 337 2858 ejus,
354 2779 389 2832 et
405 2759 558 2856 optimos
575 2757 721 2832 sociose
739 2757 857 2829 medio
876 2754 1028 2842 sustulit,
1046 2758 1136 2829 adeo
1152 2777 1190 2833 ut
1203 2759 1296 2858 intro
1322 2841 1324 2848 ,

82 2863 260 2943 biennium
285 2859 359 2930 lere
382 2875 524 2929 centum
552 2855 615 2928 lint
638 2849 761 2940 occifi,
786 2868 825 2925 ut
843 2852 918 2934 lose
941 2853 979 2925 io
1005 2852 1151 2946 quodum
1169 2857 1296 2952 suppli·
1390 2877 1393 2884 ·

82 2962 225 3040 catione
256 2955 298 3028 ad
330 2951 585 3046 Landgruvium
611 2965 790 3022 memorat.
841 2945 926 3018 Vid.
951 2943 1057 3019 etium
1083 2947 1298 3030 bleisdilriur.

133 3054 164 3153 ς.
189 3049 386 3126 CCCCLll.
422 3047 534 3123 Hisce
560 3046 597 3118 in
622 3040 789 3140 angustiis
813 3041 963 3138 politur,
987 3057 1023 3114 et
1049 3045 1091 3118 ad
1117 3067 1299 3140 properea.

86 3173 159 3230 tem
182 3145 356 3231 teduiium
382 3144 474 3219 milit
495 3144 537 3218 ad
555 3139 666 3216 leiiae
684 3139 869 3237 primarios
886 3133 1059 3230 epistolas,
1084 3142 1300 3237 querelarum

88 3252 226 3350 plenas,
251 3243 292 3317 ad
317 3263 401 3336 opes
425 3237 693 3339 conquirendas,
716 3259 761 3310 eo
785 3259 864 3310 cum
888 3231 1058 3328 stupendo
1081 3235 1233 3327 effeitu,
1259 3261 1298 3318 ur

88 3365 153 3444 per
177 3339 329 3416 Nobiles
352 3355 388 3409 et
409 3335 537 3412 divites
561 3332 721 3419 familiar,
748 3354 858 3445 nuper
881 3330 1015 3421 sectae,
1041 3327 1161 3425 specie
1187 3335 1302 3431 pietr-
1331 3407 1333 3412 .

89 3445 136 3518 tir
158 3459 199 3510 ac
224 3431 438 3510 constantiae
464 3433 557 3530 ejus,
584 3425 776 3522 inplicitas,
802 3447 925 3525 ingens
945 3426 1132 3504 admodum
1148 3431 1249 3521 copia
1264 3429 1303 3508 ἰι

90 3537 199 3614 sinum
223 3533 297 3628 ejus
328 3526 549 3606 confluxerit.
600 3525 683 3622 Quo
707 3526 783 3619 ipso
806 3522 960 3598 deterior
987 3519 1101 3630 leiim
1121 3547 1141 3598 tt
1167 3547 1303 3602 morum

86 3627 280 3710 severitate.
310 3626 402 3702 baud
436 3645 562 3724 parum
592 3617 758 3791 dellcliftit,
791 3639 853 3712 et,
875 3621 914 3696 in
942 3617 1118 3695 noenum
1143 3635 1308 3793 aluum

76 3760 86 3770 .
719 3735 747 3790 ᾖ
1226 3729 1311 3802 m
