3148 4434
452 211 456 236 ’
506 205 512 212 ’
544 215 665 308 'terli
696 223 794 306 rtur.
1206 261 1277 334 μς

58 433 129 508 tet,
143 409 377 488 instituerunt
402 407 550 489 turbare.
591 409 698 506 -Quot
716 431 795 483 curn
817 406 854 482 hi
873 411 1104 507 repellerent,
1130 411 1272 504 credes,

57 532 192 610 praeter
219 507 326 580 multa
351 505 434 579 mala
459 506 543 593 alia,
574 525 725 592 patratae
742 506 836 594 sunt,
864 526 899 578 ut
916 532 953 581 tn
969 511 1163 582 Commeat.
1186 513 1270 584 cita·

59 629 97 680 to
128 607 224 693 fuse,
266 620 305 676 et
334 627 353 675 a
386 600 537 672 Thoano
576 601 596 672 l.
633 599 805 672 xxviii.
842 599 1017 676 succincte
1050 605 1269 680 describitur.

60 703 163 800 Quod
189 697 304 793 ipsum
332 717 447 769 tannen
475 694 623 766 feliciter
645 694 742 767 cellit
762 694 996 787 Reformatis,
1020 702 1165 794 publico
1183 703 1268 778 hinc

59 793 304 880 ermenero,
338 788 570 886 quon-Mens.
597 791 734 885 januar.
766 812 794 861 a.
835 801 938 880 1562.
972 794 1154 868 conditum
1186 793 1270 882 inde

57 891 184 965 'edilium
219 887 387 982 Januarii
414 882 572 980 adpellari
605 885 710 971 solet,
736 907 805 992 quo
827 885 964 962 libertas
986 889 1163 983 religionis
1186 891 1269 988 ipsit

56 989 106 1062 eli
136 986 287 1060 adserta.
347 984 480 1058 Omnes
525 981 655 1076 quippe
690 979 835 1054 seditiosi
877 1005 991 1057 motus
1032 986 1150 1058 severe
1193 995 1268 1062 lunt

57 1106 115 1182 per
139 1082 222 1155 tllud
256 1076 443 1173 prohibiti.
496 1072 647 1170 Templa
675 1077 768 1149 intra
799 1094 832 1146 et
855 1099 952 1152 extra
980 1083 1082 1153 urbet
1105 1083 1265 1158 concessa

57 1178 190 1276 quidem
225 1173 438 1262 Catholicis,
470 1170 526 1244 sed
559 1171 781 1268 Euangelicis
812 1175 929 1246 teliiia
964 1175 1065 1248 libera
1090 1175 1268 1271 religionis

57 1269 311 1349 administratio
336 1289 431 1342 extra
449 1289 515 1342 eat.
564 1267 648 1342 Vid.
672 1267 836 1339 Thuanut
852 1271 870 1343 l.
893 1270 1047 1359 XXIX„
1074 1271 1132 1367 qui
1149 1273 1267 1356 capita

57 1367 158 1446 euleu
201 1363 363 1440 recenset
403 1365 530 1436 omnia.
590 1362 694 1458 Quod
734 1365 886 1439 editluro
920 1369 955 1439 in
992 1367 1267 1463 frequentissimo

57 1479 157 1540 coetu
182 1463 246 1536 die
276 1484 370 1555 rprnn
386 1461 522 1555 Januar.
549 1478 592 1532 ex
620 1457 844 1551 prudentibus
861 1462 964 1551 viris,
989 1487 1077 1559 quot
1101 1463 1263 1560 Regina,

60 1581 93 1635 tt
107 1559 355 1645 Navarraeut,
370 1578 392 1627 e
409 1553 545 1648 singulir
563 1554 667 1624 totius
683 1554 800 1649 Regni
817 1556 1061 1647 Parlamentit,
1088 1579 1265 1635 convoca·

58 1677 193 1743 terant,
222 1651 427 1737 constante,
460 1651 529 1722 fuit
562 1647 805 1738 constitutum,
836 1672 873 1724 ut
905 1654 982 1746 paci
1007 1653 1264 1746 consuleretur,

62 1750 244 1846 omnesque
280 1749 317 1821 in
350 1744 447 1819 causa
478 1743 653 1836 religionis
683 1741 848 1817 cessarent
880 1748 1084 1837 violentiae,
1112 1751 1267 1840 publica·

61 1863 126 1918 mm
152 1849 263 1918 etiam
284 1853 351 1936 'per
376 1839 493 1912 omnia
519 1841 742 1911 Parlamenta:
775 1839 858 1910 licet
883 1837 1050 1914 Parisinus
1073 1843 1178 1913 initio
1204 1845 1268 1915 Se·

65 1947 155 2014 harus
184 1939 299 2014 fuerit
324 1935 585 2029 tergiversatur,
611 1933 687 2018 sed,
714 1935 856 2006 clausula
879 1935 995 2008 addita
1018 1939 1114 2016 donec
1141 1961 1161 2008 a
1189 1939 1268 2012 Con·

66 2037 133 2110 tilio
158 2033 315 2109 Generosi
339 2033 377 2104 de
400 2050 468 2103 tota
497 2031 559 2104 hac
584 2053 618 2101 re
643 2029 820 2116 decretum,
847 2049 905 2104 aut
929 2057 951 2102 a
969 2029 1059 2130 Rege
1084 2035 1266 2131 ulittrstu·

67 2147 162 2206 tutum
183 2129 320 2228 suerit,
351 2127 498 2200 edielum
528 2123 738 2232 promulgari
770 2125 861 2201 ficit.
910 2127 987 2236 Qua
1023 2130 1159 2206 ratione
1183 2153 1265 2208 cum

67 2225 291 2324 Euangelium
316 2223 431 2320 purius
456 2220 565 2318 magit
589 2217 764 2316 magisque
781 2221 906 2318 ubique
923 2226 1167 2314 invalesceret,
1185 2229 1266 2302 No-
1329 2267 1357 2316 m,

70 2323 147 2396 bilet
175 2343 320 2420 quoque
349 2342 390 2392 ac
418 2319 604 2412 Magnetes
626 2317 765 2410 plurimi
791 2317 860 2392 sese
887 2319 997 2412 palam
1024 2321 1182 2397 Eccleliit
1205 2324 1266 2397 ad·

68 2417 272 2515 jungerent,
296 2415 344 2488 ita
365 2430 403 2486 ut
427 2433 540 2486 totum
567 2413 726 2506 Regnum
751 2413 848 2486 brevi
873 2416 1053 2488 videretur
1077 2416 1269 2494 reformata·

72 2515 166 2603 dum,
191 2513 332 2587 obicem
357 2505 546 2605 posuerunt
564 2506 694 2595 Guisti,
720 2506 796 2602 qui,
821 2507 963 2582 foedere
978 2533 1056 2584 cum
1078 2511 1268 2594 Connesta·

71 2605 124 2682 bili
163 2605 460 2692 Mommermtio,
501 2623 538 2676 et
585 2603 812 2677 Mareschallo
847 2605 1116 2694 ‚Santandraem
1157 2610 1272 2700 inito,

78 2699 328 2780 Triumuiratum
355 2716 559 2780 erexemnt,
589 2696 664 2791 ipso
696 2697 902 2772 Navarraeo
926 2703 1075 2797 Prorege
1095 2703 1129 2776 in
1153 2725 1268 2800 parter

72 2797 190 2889 uano,
225 2820 297 2898 quo
331 2796 491 2892 Regnum
521 2789 642 2866 misere
678 2790 745 2864 suit
768 2793 970 2884 laceratum,
1002 2817 1039 2871 et
1061 2795 1153 2871 inter
1176 2803 1269 2894 ipson

73 2913 108 2966 ac
130 2893 379 2993 Euangelicot,
404 2887 635 2982 libertatisque
667 2886 814 2961 Gallicae
839 2913 1020 2981 patronos,
1047 2893 1149 2968 Duce
1173 2898 1268 2972 Con·
1331 2947 1334 2954 ,

75 2987 172 3081 deeo,
204 2991 335 3064 bellum
364 2984 468 3060 civile
501 3004 624 3057 ortum.
676 2982 783 3077 Cujur
812 2983 986 3059 historiam
1011 2986 1146 3082 prolixe
1170 2993 1269 3068 dedit

78 3083 321 3162 Commentarius
343 3080 404 3156 cit.
428 3107 462 3177 p.
488 3081 532 3156 ll.
573 3079 652 3154 Not
683 3079 801 3175 paucis
824 3081 1004 3156 trademur.
1046 3081 1268 3176 l'riumriri,

77 3173 181 3256 secum
212 3203 258 3255 eo
289 3181 394 3274 scopo
426 3173 520 3251 artie
555 3174 755 3269 contuenti,
789 3196 827 3248 ut
859 3173 1027 3252 summum
1052 3179 1268 3276 regimenio
1314 3251 1316 3254 ,

77 3277 223 3352 manibus
254 3275 421 3362 habeant,
454 3295 498 3345 ne
522 3270 751 3345 inmensamrn
776 3271 993 3366 largitionum
1020 3277 1168 3355 rationet
1191 3281 1269 3356 red·

77 3367 153 3442 dere
185 3369 321 3447 necesse
352 3369 521 3456 habeant,
554 3385 732 3463 prteteret
762 3365 990 3463 Euangelicor
1021 3371 1199 3467 delerent,
1229 3395 1269 3450 et

82 3461 188 3538 ediiio
216 3463 370 3564 Januarii
402 3483 528 3540 nervon
556 3460 774 3550 inciderent,
805 3485 826 3536 e
856 3486 895 3537 te
928 3465 984 3540 sua
1014 3467 1083 3542 elle
1114 3470 1198 3561 rati,
1230 3487 1270 3546 ut

85 3553 266 3665 Reginam,
292 3580 330 3635 et
347 3561 503 3656 Regem,
530 3559 566 3633 in
582 3555 895 3652 potestatemsuam
912 3561 1090 3659 redigant,
1115 3565 1272 3662 adeoque

87 3665 176 3750 '²812
194 3675 318 3755 queant
341 3677 443 3755 egere
472 3653 696 3828 audorippp
721 3651 983 3752 Neroneum,
1010 3655 1210 3834 Perdidi,
1234 3676 1274 3770 ep

701 3767 724 3842 3
1205 3776 1280 3852 ego

1561 373 1563 446 l
