3098 4436
268 223 340 314 848
432 283 436 290 .
652 207 797 306 Historia
821 206 948 304 Eccles.
974 203 1092 308 Cirrist.

314 387 348 490 ς.
372 383 615 464 cccxuvn.
640 385 724 458 Duo
748 383 859 460 edicta
886 385 1080 482 publicavit
1105 405 1134 460 a.
1175 388 1287 474 1560.
1340 375 1470 473 Regina,

274 509 394 579 anun,
425 501 550 589 contra
576 479 840 576 Anabaptislar,
875 505 912 554 er
937 485 973 556 id
1000 501 1109 579 genus
1135 480 1360 562 haereticos,
1391 474 1473 566 quie

277 578 502 658 transmarinis
516 576 720 672 regionibus
737 573 807 648 sese
822 576 1072 670 persecutionis
1089 577 1185 650 causa
1202 577 1242 646 in
1261 570 1417 666 Angliam
1433 585 1476 633 re·

278 693 469 786 oeperunt,
494 673 633 768 suasque
650 671 847 744 malesanae
863 673 1055 767 sparserunt
1071 674 1281 767 opiniones,
1300 691 1387 762 quo,
1405 663 1476 731 intra

279 769 411 880 viginti
429 770 524 856 dier,
535 768 707 872 ¹Regnum
717 767 795 861 jussi
811 769 888 839 sunt
903 765 1080 856 deserere,
1099 769 1158 838 sub
1175 787 1292 862 poeno
1308 777 1478 836 incarcera-

279 867 392 940 trouir
402 919 413 950 ,
424 885 460 936 et
477 862 660 936 amissionis
674 866 864 936 bonorum:
880 865 1017 936 alrerrrrr
1032 882 1153 936 contra
1168 862 1401 938 turbulentos,
1413 854 1478 945 qui,

280 957 538 1056 superstitionis
554 959 726 1032 tollendae
743 958 908 1044 obtentu,
925 957 1123 1052 sepulchra,
1143 957 1346 1054 epitaphia,
1363 949 1478 1040 aliaque

283 1052 496 1150 antiquitatis
513 1071 758 1138 monumenta,
774 1051 889 1126 delere
905 1055 1155 1140 moliebantur,
1173 1053 1266 1148 ipsas
1281 1067 1478 1134 comparare

284 1149 638 1246 Templirtollebnnt.
675 1148 759 1220 Vrd.
789 1148 1016 1222 Cambdeuur.
1040 1149 1084 1222 A.
1106 1171 1209 1238 1572.
1237 1141 1415 1217 d:suuflus
1436 1132 1479 1206 tsi

286 1245 459 1340 Jolrurrrrrr
482 1241 639 1335 Jurllrrs,
666 1241 874 1316 Academiae
902 1243 1106 1316 Oxoniensrr
1129 1246 1304 1328 alumnus,
1338 1237 1409 1307 exul
1431 1229 1478 1301 sub

285 1343 404 1418 Maria
428 1339 464 1412 in
490 1335 694 1424 Germania,
721 1337 777 1409 sed
800 1336 860 1410 sub
886 1335 1082 1412 Elisaberha
1104 1338 1301 1432 Episcopus
1319 1325 1478 1402 sarisberi-

284 1437 396 1520 ensis,
420 1433 472 1506 vit
495 1433 681 1504 admodum
707 1431 850 1504 celebria
875 1425 982 1520 fibro,
1006 1434 1164 1527 Apologia
1190 1428 1357 1522 Ecclestor
1379 1420 1478 1515 Angli·

285 1554 408 1636 aanor,
432 1525 571 1636 aliisque
585 1525 765 1618 operibus,
783 1547 905 1598 contra
925 1527 1099 1601 'l'homam
1116 1529 1353 1624 Hardingum,
1374 1542 1425 1616 qut
1441 1511 1475 1586 ad

283 1624 490 1700 Pontificros
522 1621 716 1708 defecerat,
760 1619 850 1694 tenu
882 1621 1097 1715 digniffimis.
1149 1625 1273 1697 Vitam
1307 1620 1377 1713 ejus
1407 1631 1474 1684 cou-

286 1719 423 1817 scripsrt
463 1736 500 1790 et
543 1717 735 1790 vindicavit
773 1717 980 1790 Laurentiue
1012 1719 1248 1794 Humsredus.
1293 1710 1474 1798 Tireologut

290 1811 523 1904 Oxoniensrs,
547 1836 635 1909 quae
659 1814 822 1908 operibus
839 1813 938 1908 Juelli
957 1814 1108 1908 praefixa
1125 1812 1184 1886 est.
1238 1815 1353 1887 Patr-us
1377 1797 1475 1895 aliquis

286 1916 505 2016 Burclrrrrur,
531 1910 670 1990 vesana,
694 1929 730 1978 er
755 1907 975 1997 humanitati,
1000 1930 1041 1981 ac
1067 1907 1350 1990 christianismo,
1375 1892 1473 1990 injuri·
1527 1977 1528 1992 χ

287 2009 367 2097 osa,
401 2007 569 2098 opinione
595 2001 736 2086 dusius,
770 2001 875 2073 licere
899 2005 1040 2077 veritati
1066 2006 1291 2098 euangelicae
1319 1991 1473 2072 adversan-

287 2119 341 2176 tes
361 2101 496 2192 inpune
519 2095 698 2178 occidere,
725 2093 822 2187 cujus
844 2094 1019 2188 specimen
1040 2099 1109 2193 jam
1136 2100 1219 2173 dare
1237 2099 1469 2175 conatuseralr
1527 2109 1528 2174 l

287 2198 330 2274 in
354 2211 530 2266 carcerem
555 2185 773 2286 compactus,
799 2209 858 2276 et,
889 2213 970 2266 cum
994 2196 1138 2268 alterum
1163 2219 1185 2270 e
1209 2190 1403 2269 custodibus
1424 2197 1471 2252 oc·

291 2287 455 2374 cidisset,
494 2303 653 2378 tanquam
689 2282 868 2360 homicidii
901 2307 980 2362 reus
1013 2287 1063 2360 est
1101 2286 1277 2386 suspensus
1315 2313 1344 2362 a.
1385 2291 1468 2366 1573·

220 2423 224 2432 ·
288 2381 399 2484 Quod
421 2375 640 2454 Cambdenur
663 2379 771 2451 relatu
793 2378 936 2477 dignum
957 2383 1151 2476 judicavit,
1177 2384 1266 2461 ficut
1289 2383 1344 2458 vel
1367 2397 1407 2449 eo
1421 2387 1468 2440 1¹⁰·

288 2481 385 2556 ruine
406 2471 813 2584 est‚·q·trod,·q·uousque
836 2493 1017 2570 praetextu
1046 2480 1227 2577 religionis
1249 2483 1286 2555 in
1303 2472 1397 2551 devia
1409 2453 1467 2560 pos·

288 2574 358 2651 siut
389 2571 533 2647 fanatici
556 2570 690 2664 abrrpr,
715 2569 873 2646 edoceat.
919 2573 987 2645 Sed
1010 2592 1047 2645 et
1078 2575 1160 2650 iilud
1182 2575 1298 2650 notari
1320 2575 1466 2645 meretur,

286 2665 442 2748 severius
473 2665 567 2738 circa
594 2663 688 2742 idem
721 2681 858 2761 tempus
896 2667 1047 2764 coepisse
1093 2669 1148 2764 agi
1179 2693 1260 2748 cum
1294 2649 1469 2744 Ponuntur

287 2765 405 2876 seclae
434 2757 601 2871 patronio.
648 2758 794 2854 Religio
823 2761 898 2851 illa,
929 2762 1013 2837 licet
1049 2767 1182 2861 legibur
1212 2765 1320 2841 vetita
1349 2775 1382 2834 et
1401 2765 1467 2846 pm·

284 2861 434 2957 sctrpta,
457 2877 588 2966 rupupe
602 2853 877 2950 quodammodo,
903 2859 1116 2935 connivente
1133 2861 1287 2955 Regina,
1311 2854 1374 2932 suit
1390 2855 1467 2917 erer-

289 2957 361 3034 cita
387 2954 478 3028 intra
507 2969 661 3048 privator
691 2949 857 3045 parietes,
889 2954 1062 3044 usquead
1093 2957 1224 3031 Bullrrrn
1248 2941 1463 3033 declarantium

287 3052 343 3132 Pii
359 3051 432 3137 V.,
458 3066 580 3122 contra
596 3045 789 3144 Reginam,
815 3068 851 3122 et
866 3049 1049 3144 Regnum,
1064 3052 1138 3146 eius
1153 3053 1378 3149 publicatam,
1397 3045 1462 3130 llll

288 3127 1463 3337 :poda-epapdenrcrpgnppsgp,’aqurisppdsmffdrriobplelrppopznppolpp

289 3355 323 3416 rr
345 3359 455 3432 grana
478 3335 661 3418 heredita,
685 3331 815 3428 Papalis
837 3333 993 3444 obsequii
1015 3335 1170 3427 tesserar,
1194 3341 1231 3414 in
1257 3342 1404 3433 Regnum
1419 3331 1460 3385 1¹¹·

288 3430 527 3518 ttoduxerint,
551 3447 616 3523 qua
639 3427 747 3500 laesae
762 3427 957 3523 Majeslaur
970 3431 1020 3508 est
1036 3429 1158 3508 statuta
1175 3457 1309 3529 poena:
1331 3421 1380 3504 sed
1392 3422 1459 3510 quae

290 3551 371 3610 toto
394 3520 583 3613 sexennio,
606 3519 690 3598 licet
714 3542 785 3598 non
809 3525 1004 3622 defuerint,
1029 3526 1088 3628 qui
1104 3525 1235 3606 contra
1256 3551 1329 3605 eam
1345 3519 1457 3595 commt-

284 3631 421 3722 serunt,
454 3644 527 3702 nou
548 3615 599 3702 est
622 3618 829 3706 executioni
851 3622 1024 3710 mandata,
1071 3622 1207 3710 pm„
1226 3651 1272 3705 εχ
1294 3645 1332 3704 ,2
1350 3612 1464 3774 &app

1451 3735 1464 3778 2
