<?xml version="1.0" encoding="UTF-8"?>
<!DOCTYPE html PUBLIC "-//W3C//DTD XHTML 1.0 Transitional//EN"
    "http://www.w3.org/TR/xhtml1/DTD/xhtml1-transitional.dtd">
<html xmlns="http://www.w3.org/1999/xhtml" xml:lang="en" lang="en">
 <head>
  <title>
</title>
<meta http-equiv="Content-Type" content="text/html;charset=utf-8" />
  <meta name='ocr-system' content='tesseract 3.04.00' />
  <meta name='ocr-capabilities' content='ocr_page ocr_carea ocr_par ocr_line ocrx_word'/>
</head>
<body>
  <div class='ocr_page' id='page_1' title='image "./hermannivenemai06venegoog/hermannivenemai06venegoog_0220.png"; bbox 0 0 3128 4438; ppageno 0'>
   <div class='ocr_carea' id='block_1_1' title="bbox 487 219 1290 382">
    <p class='ocr_par' dir='ltr' id='par_1_1' title="bbox 487 219 1290 382">
     <span class='ocr_line' id='line_1_1' title="bbox 487 219 1290 382; baseline 0.004 -26"><span class='ocrx_word' id='word_1_1' title='bbox 487 343 492 356; x_wconf 89' lang='lat'><strong>.</strong></span> <span class='ocrx_word' id='word_1_2' title='bbox 566 275 676 355; x_wconf 79' lang='lat' dir='ltr'>Secul.</span> <span class='ocrx_word' id='word_1_3' title='bbox 704 219 831 352; x_wconf 55' lang='lat' dir='ltr'>XVI,</span> <span class='ocrx_word' id='word_1_4' title='bbox 1004 251 1021 270; x_wconf 56' lang='grc'><em>’</em></span> <span class='ocrx_word' id='word_1_5' title='bbox 1208 303 1290 382; x_wconf 76' lang='lat'>,213</span> 
     </span>
    </p>
   </div>
   <div class='ocr_carea' id='block_1_2' title="bbox 116 451 1405 552">
    <p class='ocr_par' dir='ltr' id='par_1_2' title="bbox 116 451 1405 552">
     <span class='ocr_line' id='line_1_2' title="bbox 116 451 1405 552; baseline 0.003 -21"><span class='ocrx_word' id='word_1_6' title='bbox 116 451 144 552; x_wconf 64' lang='grc' dir='ltr'>ς.</span> <span class='ocrx_word' id='word_1_7' title='bbox 165 453 265 534; x_wconf 83' lang='lat' dir='ltr'>CCX.</span> <span class='ocrx_word' id='word_1_8' title='bbox 290 455 434 532; x_wconf 81' lang='lat' dir='ltr'>Praeter</span> <span class='ocrx_word' id='word_1_9' title='bbox 458 453 530 530; x_wconf 88' lang='lat' dir='ltr'>hoc</span> <span class='ocrx_word' id='word_1_10' title='bbox 562 455 689 530; x_wconf 83' lang='lat' dir='ltr'>llellum</span> <span class='ocrx_word' id='word_1_11' title='bbox 714 452 798 528; x_wconf 84' lang='lat' dir='ltr'>aliua</span> <span class='ocrx_word' id='word_1_12' title='bbox 827 451 958 530; x_wconf 87' lang='lat' dir='ltr'>accidit</span> <span class='ocrx_word' id='word_1_13' title='bbox 985 454 1200 534; x_wconf 84' lang='lat' dir='ltr'>Resormatis</span> <span class='ocrx_word' id='word_1_14' title='bbox 1225 481 1282 537; x_wconf 87' lang='lat' dir='ltr'>ca·</span> <span class='ocrx_word' id='word_1_15' title='bbox 1400 495 1405 507; x_wconf 59' lang='grc'><strong>«</strong></span> 
     </span>
    </p>
   </div>
   <div class='ocr_carea' id='block_1_3' title="bbox 63 547 1382 1798">
    <p class='ocr_par' dir='ltr' id='par_1_3' title="bbox 63 547 1382 1798">
     <span class='ocr_line' id='line_1_3' title="bbox 75 547 1277 646; baseline 0.007 -22"><span class='ocrx_word' id='word_1_16' title='bbox 75 547 117 625; x_wconf 85' lang='lat' dir='ltr'>saa</span> <span class='ocrx_word' id='word_1_17' title='bbox 134 549 246 643; x_wconf 79' lang='lat' dir='ltr'>uillis,</span> <span class='ocrx_word' id='word_1_18' title='bbox 271 553 309 624; x_wconf 91' lang='lat' dir='ltr'>in</span> <span class='ocrx_word' id='word_1_19' title='bbox 341 552 486 628; x_wconf 77' lang='lat' dir='ltr'>dumam</span> <span class='ocrx_word' id='word_1_20' title='bbox 510 551 690 638; x_wconf 85' lang='lat' dir='ltr'>virorum,</span> <span class='ocrx_word' id='word_1_21' title='bbox 725 551 785 646; x_wconf 91' lang='lat' dir='ltr'>qui</span> <span class='ocrx_word' id='word_1_22' title='bbox 810 549 937 644; x_wconf 78' lang='lat' dir='ltr'>primas</span> <span class='ocrx_word' id='word_1_23' title='bbox 964 553 1001 624; x_wconf 92' lang='lat' dir='ltr'>in</span> <span class='ocrx_word' id='word_1_24' title='bbox 1025 553 1277 632; x_wconf 77' lang='lat' dir='ltr'>reformatione</span> 
     </span>
     <span class='ocr_line' id='line_1_4' title="bbox 72 647 1277 764; baseline 0.004 -44"><span class='ocrx_word' id='word_1_25' title='bbox 72 647 237 758; x_wconf 74' lang='lat' dir='ltr'>tenebant,</span> <span class='ocrx_word' id='word_1_26' title='bbox 262 647 411 746; x_wconf 80' lang='lat' dir='ltr'>Zuinglr&#39;i</span> <span class='ocrx_word' id='word_1_27' title='bbox 435 663 475 758; x_wconf 70' lang='lat' dir='ltr'>et·</span> <span class='ocrx_word' id='word_1_28' title='bbox 489 648 753 758; x_wconf 70' lang='lat' dir='ltr'>Oreolumpodii,</span> <span class='ocrx_word' id='word_1_29' title='bbox 786 664 1010 742; x_wconf 87' lang='lat' dir='ltr'>praematuro</span> <span class='ocrx_word' id='word_1_30' title='bbox 1036 651 1157 742; x_wconf 83' lang='lat' dir='ltr'>obitu,</span> <span class='ocrx_word' id='word_1_31' title='bbox 1188 651 1277 764; x_wconf 79' lang='lat' dir='ltr'>illiue</span> 
     </span>
     <span class='ocr_line' id='line_1_5' title="bbox 72 741 1356 946; baseline 0.008 -34"><span class='ocrx_word' id='word_1_32' title='bbox 72 743 911 946; x_wconf 49' lang='lat' dir='ltr'>lltlllltlelllpllllllallsted</span> <span class='ocrx_word' id='word_1_33' title='bbox 933 741 1011 935; x_wconf 74' lang='lat' dir='ltr'>llll</span> <span class='ocrx_word' id='word_1_34' title='bbox 1030 766 1273 938; x_wconf 56' lang='lat' dir='ltr'>‚illlata</span> <span class='ocrx_word' id='word_1_35' title='bbox 1340 831 1356 931; x_wconf 74' lang='grc' dir='ltr'>ς</span> 
     </span>
     <span class='ocr_line' id='line_1_6' title="bbox 70 933 1269 1034; baseline 0.008 -27"><span class='ocrx_word' id='word_1_36' title='bbox 70 935 232 1011; x_wconf 83' lang='lat' dir='ltr'>Scultetue.</span> <span class='ocrx_word' id='word_1_37' title='bbox 285 934 508 1010; x_wconf 84' lang='lat' dir='ltr'>Commercia</span> <span class='ocrx_word' id='word_1_38' title='bbox 530 934 733 1022; x_wconf 86' lang='lat' dir='ltr'>interclusa,</span> <span class='ocrx_word' id='word_1_39' title='bbox 765 933 895 1022; x_wconf 87' lang='lat' dir='ltr'>altaque</span> <span class='ocrx_word' id='word_1_40' title='bbox 918 933 1149 1031; x_wconf 81' lang='lat' dir='ltr'>inprudenter</span> <span class='ocrx_word' id='word_1_41' title='bbox 1174 940 1269 1034; x_wconf 73' lang='lat' dir='ltr'>aeta,</span> 
     </span>
     <span class='ocr_line' id='line_1_7' title="bbox 66 1027 1382 1126; baseline 0.009 -24"><span class='ocrx_word' id='word_1_42' title='bbox 66 1027 135 1102; x_wconf 85' lang='lat' dir='ltr'>litet</span> <span class='ocrx_word' id='word_1_43' title='bbox 155 1029 396 1126; x_wconf 75' lang='lat' dir='ltr'>inprobaverit</span> <span class='ocrx_word' id='word_1_44' title='bbox 420 1029 616 1126; x_wconf 76' lang='lat' dir='ltr'>Zuingliua,</span> <span class='ocrx_word' id='word_1_45' title='bbox 647 1031 733 1103; x_wconf 89' lang='lat' dir='ltr'>adeo</span> <span class='ocrx_word' id='word_1_46' title='bbox 756 1027 883 1116; x_wconf 86' lang='lat' dir='ltr'>etiam,</span> <span class='ocrx_word' id='word_1_47' title='bbox 920 1046 976 1119; x_wconf 90' lang='lat' dir='ltr'>ut,</span> <span class='ocrx_word' id='word_1_48' title='bbox 1007 1033 1126 1106; x_wconf 86' lang='lat' dir='ltr'>multia</span> <span class='ocrx_word' id='word_1_49' title='bbox 1149 1059 1170 1109; x_wconf 92' lang='lat' dir='ltr'>a</span> <span class='ocrx_word' id='word_1_50' title='bbox 1192 1039 1271 1114; x_wconf 89' lang='lat' dir='ltr'>lon·</span> <span class='ocrx_word' id='word_1_51' title='bbox 1381 1119 1382 1122; x_wconf 56' lang='grc'>,</span> 
     </span>
     <span class='ocr_line' id='line_1_8' title="bbox 66 1121 1268 1230; baseline 0.001 -35"><span class='ocrx_word' id='word_1_52' title='bbox 66 1144 104 1221; x_wconf 82' lang='lat' dir='ltr'>go</span> <span class='ocrx_word' id='word_1_53' title='bbox 123 1122 264 1212; x_wconf 79' lang='lat' dir='ltr'>invisus,</span> <span class='ocrx_word' id='word_1_54' title='bbox 291 1125 388 1222; x_wconf 85' lang='lat' dir='ltr'>quod</span> <span class='ocrx_word' id='word_1_55' title='bbox 412 1143 579 1199; x_wconf 76' lang='lat' dir='ltr'>externae</span> <span class='ocrx_word' id='word_1_56' title='bbox 607 1126 753 1201; x_wconf 85' lang='lat' dir='ltr'>militine</span> <span class='ocrx_word' id='word_1_57' title='bbox 780 1123 850 1196; x_wconf 86' lang='lat' dir='ltr'>sese</span> <span class='ocrx_word' id='word_1_58' title='bbox 875 1121 1012 1222; x_wconf 85' lang='lat' dir='ltr'>semper</span> <span class='ocrx_word' id='word_1_59' title='bbox 1039 1125 1178 1204; x_wconf 87' lang='lat' dir='ltr'>strenue</span> <span class='ocrx_word' id='word_1_60' title='bbox 1203 1155 1268 1230; x_wconf 86' lang='lat' dir='ltr'>op.</span> 
     </span>
     <span class='ocr_line' id='line_1_9' title="bbox 66 1219 1269 1318; baseline 0.013 -29"><span class='ocrx_word' id='word_1_61' title='bbox 66 1219 221 1314; x_wconf 85' lang='lat' dir='ltr'>posuerit,</span> <span class='ocrx_word' id='word_1_62' title='bbox 247 1219 428 1318; x_wconf 82' lang='lat' dir='ltr'>Tiguruan</span> <span class='ocrx_word' id='word_1_63' title='bbox 445 1221 604 1294; x_wconf 84' lang='lat' dir='ltr'>deserere</span> <span class='ocrx_word' id='word_1_64' title='bbox 628 1220 805 1309; x_wconf 87' lang='lat' dir='ltr'>voluerit,</span> <span class='ocrx_word' id='word_1_65' title='bbox 829 1239 987 1293; x_wconf 79' lang='lat' dir='ltr'>retentet</span> <span class='ocrx_word' id='word_1_66' title='bbox 1009 1245 1072 1316; x_wconf 88' lang='lat' dir='ltr'>per</span> <span class='ocrx_word' id='word_1_67' title='bbox 1088 1222 1269 1305; x_wconf 75' lang='lat' dir='ltr'>instantiae</span> 
     </span>
     <span class='ocr_line' id='line_1_10' title="bbox 65 1313 1266 1414; baseline 0.007 -24"><span class='ocrx_word' id='word_1_68' title='bbox 65 1317 206 1408; x_wconf 75' lang='lat' dir='ltr'>Senatus,</span> <span class='ocrx_word' id='word_1_69' title='bbox 240 1317 277 1390; x_wconf 89' lang='lat' dir='ltr'>se</span> <span class='ocrx_word' id='word_1_70' title='bbox 302 1317 415 1414; x_wconf 81' lang='lat' dir='ltr'>pallae</span> <span class='ocrx_word' id='word_1_71' title='bbox 436 1313 489 1388; x_wconf 85' lang='lat' dir='ltr'>ell</span> <span class='ocrx_word' id='word_1_72' title='bbox 512 1317 733 1412; x_wconf 85' lang='lat' dir='ltr'>permoveri,</span> <span class='ocrx_word' id='word_1_73' title='bbox 764 1332 803 1388; x_wconf 89' lang='lat' dir='ltr'>ut</span> <span class='ocrx_word' id='word_1_74' title='bbox 834 1314 913 1389; x_wconf 86' lang='lat' dir='ltr'>suoa</span> <span class='ocrx_word' id='word_1_75' title='bbox 937 1317 976 1388; x_wconf 91' lang='lat' dir='ltr'>in</span> <span class='ocrx_word' id='word_1_76' title='bbox 1003 1320 1094 1391; x_wconf 89' lang='lat' dir='ltr'>bello</span> <span class='ocrx_word' id='word_1_77' title='bbox 1119 1322 1266 1399; x_wconf 86' lang='lat' dir='ltr'>comita·</span> 
     </span>
     <span class='ocr_line' id='line_1_11' title="bbox 63 1409 1267 1509; baseline 0.01 -27"><span class='ocrx_word' id='word_1_78' title='bbox 63 1431 156 1501; x_wconf 85' lang='lat' dir='ltr'>retur,</span> <span class='ocrx_word' id='word_1_79' title='bbox 186 1433 259 1486; x_wconf 91' lang='lat' dir='ltr'>non</span> <span class='ocrx_word' id='word_1_80' title='bbox 284 1429 357 1488; x_wconf 89' lang='lat' dir='ltr'>tam</span> <span class='ocrx_word' id='word_1_81' title='bbox 381 1413 524 1508; x_wconf 87' lang='lat' dir='ltr'>sponte,</span> <span class='ocrx_word' id='word_1_82' title='bbox 557 1433 658 1508; x_wconf 88' lang='lat' dir='ltr'>quam</span> <span class='ocrx_word' id='word_1_83' title='bbox 689 1409 849 1499; x_wconf 67' lang='lat' dir='ltr'>coactns,</span> <span class='ocrx_word' id='word_1_84' title='bbox 880 1415 1009 1508; x_wconf 86' lang='lat' dir='ltr'>partim</span> <span class='ocrx_word' id='word_1_85' title='bbox 1037 1413 1129 1509; x_wconf 82' lang='lat' dir='ltr'>jussu</span> <span class='ocrx_word' id='word_1_86' title='bbox 1158 1419 1267 1494; x_wconf 82' lang='lat' dir='ltr'>Sena·</span> 
     </span>
     <span class='ocr_line' id='line_1_12' title="bbox 64 1505 1266 1613; baseline 0.004 -32"><span class='ocrx_word' id='word_1_87' title='bbox 64 1510 272 1604; x_wconf 63' lang='lat' dir='ltr'>compartito</span> <span class='ocrx_word' id='word_1_88' title='bbox 296 1507 500 1583; x_wconf 85' lang='lat' dir='ltr'>invidorum</span> <span class='ocrx_word' id='word_1_89' title='bbox 526 1507 750 1596; x_wconf 74' lang='lat' dir='ltr'>clamoribus,</span> <span class='ocrx_word' id='word_1_90' title='bbox 786 1506 847 1605; x_wconf 90' lang='lat' dir='ltr'>qui</span> <span class='ocrx_word' id='word_1_91' title='bbox 871 1505 1182 1587; x_wconf 89' lang='lat' dir='ltr'>mollitiemanimi</span> <span class='ocrx_word' id='word_1_92' title='bbox 1209 1515 1266 1613; x_wconf 73' lang='lat' dir='ltr'>ip·</span> 
     </span>
     <span class='ocr_line' id='line_1_13' title="bbox 63 1601 1265 1702; baseline 0.012 -28"><span class='ocrx_word' id='word_1_93' title='bbox 63 1601 82 1674; x_wconf 90' lang='lat' dir='ltr'>st</span> <span class='ocrx_word' id='word_1_94' title='bbox 113 1605 333 1700; x_wconf 83' lang='lat' dir='ltr'>objiciebant.</span> <span class='ocrx_word' id='word_1_95' title='bbox 384 1601 543 1702; x_wconf 83' lang='lat' dir='ltr'>Egressus</span> <span class='ocrx_word' id='word_1_96' title='bbox 575 1623 690 1678; x_wconf 85' lang='lat' dir='ltr'>autern</span> <span class='ocrx_word' id='word_1_97' title='bbox 724 1601 776 1677; x_wconf 85' lang='lat' dir='ltr'>est</span> <span class='ocrx_word' id='word_1_98' title='bbox 815 1603 859 1676; x_wconf 88' lang='lat' dir='ltr'>ad</span> <span class='ocrx_word' id='word_1_99' title='bbox 894 1601 1064 1678; x_wconf 77' lang='lat' dir='ltr'>militiam</span> <span class='ocrx_word' id='word_1_100' title='bbox 1088 1627 1133 1681; x_wconf 81' lang='lat' dir='ltr'>ex</span> <span class='ocrx_word' id='word_1_101' title='bbox 1165 1633 1265 1688; x_wconf 84' lang='lat' dir='ltr'>more</span> 
     </span>
     <span class='ocr_line' id='line_1_14' title="bbox 64 1697 1264 1798; baseline 0.011 -28"><span class='ocrx_word' id='word_1_102' title='bbox 64 1697 313 1789; x_wconf 88' lang='lat' dir='ltr'>Helvetiorum,</span> <span class='ocrx_word' id='word_1_103' title='bbox 354 1702 414 1798; x_wconf 90' lang='lat' dir='ltr'>qui</span> <span class='ocrx_word' id='word_1_104' title='bbox 449 1721 658 1796; x_wconf 86' lang='lat' dir='ltr'>praeconem</span> <span class='ocrx_word' id='word_1_105' title='bbox 695 1697 867 1792; x_wconf 84' lang='lat' dir='ltr'>euangelii</span> <span class='ocrx_word' id='word_1_106' title='bbox 901 1699 1036 1793; x_wconf 85' lang='lat' dir='ltr'>semper</span> <span class='ocrx_word' id='word_1_107' title='bbox 1069 1701 1187 1780; x_wconf 90' lang='lat' dir='ltr'>secum</span> <span class='ocrx_word' id='word_1_108' title='bbox 1218 1708 1264 1783; x_wconf 89' lang='lat' dir='ltr'>ad</span> 
     </span>
    </p>
   </div>
   <div class='ocr_carea' id='block_1_4' title="bbox 64 1777 1475 1892">
    <p class='ocr_par' dir='ltr' id='par_1_4' title="bbox 64 1777 1475 1892">
     <span class='ocr_line' id='line_1_15' title="bbox 64 1777 1475 1892; baseline 0.001 -26"><span class='ocrx_word' id='word_1_109' title='bbox 64 1793 168 1868; x_wconf 90' lang='lat' dir='ltr'>bellum</span> <span class='ocrx_word' id='word_1_110' title='bbox 191 1797 390 1887; x_wconf 87' lang='lat' dir='ltr'>ducebant,</span> <span class='ocrx_word' id='word_1_111' title='bbox 415 1801 572 1892; x_wconf 84' lang='lat' dir='ltr'>adeoque</span> <span class='ocrx_word' id='word_1_112' title='bbox 595 1815 668 1868; x_wconf 89' lang='lat' dir='ltr'>non</span> <span class='ocrx_word' id='word_1_113' title='bbox 693 1813 856 1888; x_wconf 89' lang='lat' dir='ltr'>tanquam</span> <span class='ocrx_word' id='word_1_114' title='bbox 882 1794 1001 1880; x_wconf 76' lang='lat' dir='ltr'>milet,</span> <span class='ocrx_word' id='word_1_115' title='bbox 1039 1793 1098 1868; x_wconf 86' lang='lat' dir='ltr'>sed</span> <span class='ocrx_word' id='word_1_116' title='bbox 1122 1799 1263 1878; x_wconf 79' lang='lat' dir='ltr'>suorum</span> <span class='ocrx_word' id='word_1_117' title='bbox 1324 1777 1328 1810; x_wconf 81' lang='lat'><em>¹</em></span> <span class='ocrx_word' id='word_1_118' title='bbox 1416 1803 1422 1868; x_wconf 88' lang='grc'>,’</span> <span class='ocrx_word' id='word_1_119' title='bbox 1473 1807 1475 1812; x_wconf 87' lang='grc'><strong>’</strong></span> 
     </span>
    </p>
   </div>
   <div class='ocr_carea' id='block_1_5' title="bbox 63 1886 1386 3906">
    <p class='ocr_par' dir='ltr' id='par_1_5' title="bbox 63 1886 1386 3894">
     <span class='ocr_line' id='line_1_16' title="bbox 64 1886 1264 1988; baseline 0.01 -28"><span class='ocrx_word' id='word_1_120' title='bbox 64 1887 266 1984; x_wconf 82' lang='lat' dir='ltr'>adhortator,</span> <span class='ocrx_word' id='word_1_121' title='bbox 309 1908 346 1964; x_wconf 87' lang='lat' dir='ltr'>et</span> <span class='ocrx_word' id='word_1_122' title='bbox 370 1889 588 1981; x_wconf 86' lang='lat' dir='ltr'>consolator,</span> <span class='ocrx_word' id='word_1_123' title='bbox 627 1889 686 1988; x_wconf 82' lang='lat' dir='ltr'>qui</span> <span class='ocrx_word' id='word_1_124' title='bbox 711 1887 747 1962; x_wconf 91' lang='lat' dir='ltr'>in</span> <span class='ocrx_word' id='word_1_125' title='bbox 769 1886 884 1960; x_wconf 77' lang='lat' dir='ltr'>dubiis</span> <span class='ocrx_word' id='word_1_126' title='bbox 902 1906 947 1960; x_wconf 82' lang='lat' dir='ltr'>et</span> <span class='ocrx_word' id='word_1_127' title='bbox 974 1886 1172 1968; x_wconf 82' lang='lat' dir='ltr'>difficilibur</span> <span class='ocrx_word' id='word_1_128' title='bbox 1196 1895 1264 1973; x_wconf 85' lang='lat' dir='ltr'>suia</span> 
     </span>
     <span class='ocr_line' id='line_1_17' title="bbox 63 1981 1264 2096; baseline 0 -40"><span class='ocrx_word' id='word_1_129' title='bbox 63 1983 187 2076; x_wconf 87' lang='lat' dir='ltr'>adesset,</span> <span class='ocrx_word' id='word_1_130' title='bbox 228 2005 384 2064; x_wconf 87' lang='lat' dir='ltr'>attamen</span> <span class='ocrx_word' id='word_1_131' title='bbox 408 2007 558 2061; x_wconf 86' lang='lat' dir='ltr'>armatus</span> <span class='ocrx_word' id='word_1_132' title='bbox 582 1986 618 2060; x_wconf 93' lang='lat' dir='ltr'>in</span> <span class='ocrx_word' id='word_1_133' title='bbox 650 1985 701 2059; x_wconf 92' lang='lat' dir='ltr'>sni</span> <span class='ocrx_word' id='word_1_134' title='bbox 730 1981 979 2058; x_wconf 76' lang='lat' dir='ltr'>defensionem.</span> <span class='ocrx_word' id='word_1_135' title='bbox 1030 1985 1072 2096; x_wconf 80' lang='lat' dir='ltr'>ln</span> <span class='ocrx_word' id='word_1_136' title='bbox 1100 2009 1170 2086; x_wconf 86' lang='lat' dir='ltr'>quo</span> <span class='ocrx_word' id='word_1_137' title='bbox 1194 1993 1264 2069; x_wconf 65' lang='lat' dir='ltr'>itae</span> 
     </span>
     <span class='ocr_line' id='line_1_18' title="bbox 66 2079 1262 2180; baseline 0.003 -27"><span class='ocrx_word' id='word_1_138' title='bbox 66 2101 118 2174; x_wconf 89' lang='lat' dir='ltr'>que</span> <span class='ocrx_word' id='word_1_139' title='bbox 136 2083 231 2158; x_wconf 88' lang='lat' dir='ltr'>nihil</span> <span class='ocrx_word' id='word_1_140' title='bbox 244 2081 439 2172; x_wconf 78' lang='lat' dir='ltr'>commisit,</span> <span class='ocrx_word' id='word_1_141' title='bbox 483 2079 596 2180; x_wconf 87' lang='lat' dir='ltr'>quod,</span> <span class='ocrx_word' id='word_1_142' title='bbox 634 2081 723 2155; x_wconf 87' lang='lat' dir='ltr'>stcut</span> <span class='ocrx_word' id='word_1_143' title='bbox 753 2079 871 2156; x_wconf 81' lang='lat' dir='ltr'>hoster</span> <span class='ocrx_word' id='word_1_144' title='bbox 901 2080 1133 2158; x_wconf 85' lang='lat' dir='ltr'>nihilomtnm</span> <span class='ocrx_word' id='word_1_145' title='bbox 1161 2085 1262 2164; x_wconf 75' lang='lat' dir='ltr'>fece.</span> 
     </span>
     <span class='ocr_line' id='line_1_19' title="bbox 65 2176 1259 2280; baseline 0.01 -30"><span class='ocrx_word' id='word_1_146' title='bbox 65 2194 146 2270; x_wconf 89' lang='lat' dir='ltr'>runt,</span> <span class='ocrx_word' id='word_1_147' title='bbox 168 2181 270 2278; x_wconf 85' lang='lat' dir='ltr'>carpi</span> <span class='ocrx_word' id='word_1_148' title='bbox 292 2197 406 2280; x_wconf 89' lang='lat' dir='ltr'>queat.</span> <span class='ocrx_word' id='word_1_149' title='bbox 455 2180 495 2251; x_wconf 88' lang='lat' dir='ltr'>ln</span> <span class='ocrx_word' id='word_1_150' title='bbox 520 2177 637 2273; x_wconf 87' lang='lat' dir='ltr'>priore</span> <span class='ocrx_word' id='word_1_151' title='bbox 669 2177 783 2250; x_wconf 83' lang='lat' dir='ltr'>a&#39;utem</span> <span class='ocrx_word' id='word_1_152' title='bbox 817 2176 947 2273; x_wconf 89' lang='lat' dir='ltr'>praelio</span> <span class='ocrx_word' id='word_1_153' title='bbox 974 2179 1182 2273; x_wconf 82' lang='lat' dir='ltr'>cappellano</span> <span class='ocrx_word' id='word_1_154' title='bbox 1207 2185 1259 2263; x_wconf 86' lang='lat' dir='ltr'>la·</span> 
     </span>
     <span class='ocr_line' id='line_1_20' title="bbox 64 2269 1386 2376; baseline 0.01 -34"><span class='ocrx_word' id='word_1_155' title='bbox 64 2269 126 2361; x_wconf 87' lang='lat' dir='ltr'>p&#39;de</span> <span class='ocrx_word' id='word_1_156' title='bbox 150 2275 259 2366; x_wconf 77' lang='lat' dir='ltr'>iiius,</span> <span class='ocrx_word' id='word_1_157' title='bbox 293 2295 332 2352; x_wconf 89' lang='lat' dir='ltr'>et</span> <span class='ocrx_word' id='word_1_158' title='bbox 355 2271 559 2370; x_wconf 81' lang='lat' dir='ltr'>prostratus,</span> <span class='ocrx_word' id='word_1_159' title='bbox 585 2271 656 2347; x_wconf 88' lang='lat' dir='ltr'>sese</span> <span class='ocrx_word' id='word_1_160' title='bbox 680 2273 821 2369; x_wconf 87' lang='lat' dir='ltr'>quidem</span> <span class='ocrx_word' id='word_1_161' title='bbox 844 2292 898 2348; x_wconf 87' lang='lat' dir='ltr'>ter</span> <span class='ocrx_word' id='word_1_162' title='bbox 920 2272 956 2346; x_wconf 90' lang='lat' dir='ltr'>in</span> <span class='ocrx_word' id='word_1_163' title='bbox 975 2273 1091 2368; x_wconf 77' lang='lat' dir='ltr'>&#39;pedes</span> <span class='ocrx_word' id='word_1_164' title='bbox 1122 2280 1258 2376; x_wconf 81' lang='lat' dir='ltr'>erexit,</span> <span class='ocrx_word' id='word_1_165' title='bbox 1362 2295 1386 2318; x_wconf 65' lang='lat'>‘²</span> 
     </span>
     <span class='ocr_line' id='line_1_21' title="bbox 63 2366 1259 2470; baseline 0.008 -30"><span class='ocrx_word' id='word_1_166' title='bbox 63 2366 123 2458; x_wconf 81' lang='lat' dir='ltr'>sed,</span> <span class='ocrx_word' id='word_1_167' title='bbox 147 2369 359 2465; x_wconf 84' lang='lat' dir='ltr'>fugientium</span> <span class='ocrx_word' id='word_1_168' title='bbox 386 2389 423 2443; x_wconf 89' lang='lat' dir='ltr'>et</span> <span class='ocrx_word' id='word_1_169' title='bbox 441 2368 673 2467; x_wconf 89' lang='lat' dir='ltr'>prementium</span> <span class='ocrx_word' id='word_1_170' title='bbox 690 2367 920 2444; x_wconf 80' lang='lat' dir='ltr'>multitudine</span> <span class='ocrx_word' id='word_1_171' title='bbox 950 2370 1092 2444; x_wconf 88' lang='lat' dir='ltr'>tandem</span> <span class='ocrx_word' id='word_1_172' title='bbox 1114 2381 1259 2470; x_wconf 67' lang='lat' dir='ltr'>oppres</span> 
     </span>
     <span class='ocr_line' id='line_1_22' title="bbox 65 2455 1376 2564; baseline 0.005 -28"><span class='ocrx_word' id='word_1_173' title='bbox 65 2455 120 2550; x_wconf 82' lang='lat' dir='ltr'>saa,</span> <span class='ocrx_word' id='word_1_174' title='bbox 139 2486 173 2538; x_wconf 90' lang='lat' dir='ltr'>et</span> <span class='ocrx_word' id='word_1_175' title='bbox 195 2467 292 2540; x_wconf 77' lang='lat' dir='ltr'>fixus</span> <span class='ocrx_word' id='word_1_176' title='bbox 314 2466 457 2560; x_wconf 88' lang='lat' dir='ltr'>cuspide</span> <span class='ocrx_word' id='word_1_177' title='bbox 483 2464 544 2539; x_wconf 90' lang='lat' dir='ltr'>sub</span> <span class='ocrx_word' id='word_1_178' title='bbox 561 2483 702 2553; x_wconf 85' lang='lat' dir='ltr'>mento,</span> <span class='ocrx_word' id='word_1_179' title='bbox 726 2463 763 2536; x_wconf 92' lang='lat' dir='ltr'>in</span> <span class='ocrx_word' id='word_1_180' title='bbox 780 2483 893 2559; x_wconf 87' lang='lat' dir='ltr'>genua</span> <span class='ocrx_word' id='word_1_181' title='bbox 918 2463 1093 2561; x_wconf 82' lang='lat' dir='ltr'>prolapsae</span> <span class='ocrx_word' id='word_1_182' title='bbox 1101 2519 1113 2556; x_wconf 90' lang='lat'>,</span> <span class='ocrx_word' id='word_1_183' title='bbox 1140 2471 1258 2564; x_wconf 79' lang='lat' dir='ltr'>dixit;</span> <span class='ocrx_word' id='word_1_184' title='bbox 1373 2525 1376 2530; x_wconf 84' lang='grc'><strong>-</strong></span> 
     </span>
     <span class='ocr_line' id='line_1_23' title="bbox 65 2559 1257 2667; baseline 0.002 -37"><span class='ocrx_word' id='word_1_185' title='bbox 65 2561 154 2653; x_wconf 77' lang='lat' dir='ltr'>etquid</span> <span class='ocrx_word' id='word_1_186' title='bbox 174 2563 235 2636; x_wconf 82' lang='lat' dir='ltr'>lma</span> <span class='ocrx_word' id='word_1_187' title='bbox 254 2560 454 2656; x_wconf 78' lang='lat' dir='ltr'>infortunii?</span> <span class='ocrx_word' id='word_1_188' title='bbox 480 2585 561 2656; x_wconf 83' lang='lat' dir='ltr'>age,</span> <span class='ocrx_word' id='word_1_189' title='bbox 584 2579 696 2654; x_wconf 85' lang='lat' dir='ltr'>corpur</span> <span class='ocrx_word' id='word_1_190' title='bbox 713 2563 836 2654; x_wconf 82' lang='lat' dir='ltr'>quidem</span> <span class='ocrx_word' id='word_1_191' title='bbox 850 2562 992 2667; x_wconf 78' lang='lat' dir='ltr'>¹occidere</span> <span class='ocrx_word' id='word_1_192' title='bbox 1003 2559 1150 2656; x_wconf 75' lang='lat' dir='ltr'>poffimt,</span> <span class='ocrx_word' id='word_1_193' title='bbox 1181 2572 1257 2642; x_wconf 75' lang='lat' dir='ltr'>ani.</span> 
     </span>
     <span class='ocr_line' id='line_1_24' title="bbox 67 2655 1257 2756; baseline -0.001 -28"><span class='ocrx_word' id='word_1_194' title='bbox 67 2673 130 2728; x_wconf 76' lang='lat' dir='ltr'>num</span> <span class='ocrx_word' id='word_1_195' title='bbox 148 2664 206 2734; x_wconf 81' lang='lat' dir='ltr'>ndu</span> <span class='ocrx_word' id='word_1_196' title='bbox 227 2657 365 2756; x_wconf 69' lang='lat' dir='ltr'>ptffunl.</span> <span class='ocrx_word' id='word_1_197' title='bbox 418 2656 536 2731; x_wconf 77' lang='lat' dir='ltr'>Vivus</span> <span class='ocrx_word' id='word_1_198' title='bbox 559 2655 690 2744; x_wconf 87' lang='lat' dir='ltr'>adhuc,</span> <span class='ocrx_word' id='word_1_199' title='bbox 724 2655 780 2730; x_wconf 91' lang='lat' dir='ltr'>sed</span> <span class='ocrx_word' id='word_1_200' title='bbox 804 2675 952 2728; x_wconf 72' lang='lat' dir='ltr'>mamam</span> <span class='ocrx_word' id='word_1_201' title='bbox 978 2679 1104 2752; x_wconf 81' lang='lat' dir='ltr'>agene,</span> <span class='ocrx_word' id='word_1_202' title='bbox 1140 2678 1178 2735; x_wconf 88' lang='lat' dir='ltr'>et</span> <span class='ocrx_word' id='word_1_203' title='bbox 1201 2665 1257 2739; x_wconf 87' lang='lat' dir='ltr'>su.</span> 
     </span>
     <span class='ocr_line' id='line_1_25' title="bbox 65 2749 1269 2864; baseline 0.008 -43"><span class='ocrx_word' id='word_1_204' title='bbox 65 2749 142 2843; x_wconf 85' lang='lat' dir='ltr'>piant</span> <span class='ocrx_word' id='word_1_205' title='bbox 159 2756 300 2851; x_wconf 57' lang='lat' dir='ltr'>jaceam</span> <span class='ocrx_word' id='word_1_206' title='bbox 333 2752 552 2864; x_wconf 70' lang='lat' dir='ltr'>complicatio</span> <span class='ocrx_word' id='word_1_207' title='bbox 575 2749 750 2860; x_wconf 66' lang='lat' dir='ltr'>mambae,</span> <span class='ocrx_word' id='word_1_208' title='bbox 783 2751 1011 2825; x_wconf 31' lang='lat' dir='ltr'>ettoculiain</span> <span class='ocrx_word' id='word_1_209' title='bbox 1038 2753 1269 2836; x_wconf 71' lang='lat' dir='ltr'>eoelumim,¹</span> 
     </span>
     <span class='ocr_line' id='line_1_26' title="bbox 66 2843 1258 3035; baseline 0.016 -25"><span class='ocrx_word' id='word_1_210' title='bbox 66 2843 1258 3035; x_wconf 56' lang='lat' dir='ltr'>ellaslanstededllillt‘lzltlllttlsll</span> 
     </span>
     <span class='ocr_line' id='line_1_27' title="bbox 63 3033 1260 3138; baseline 0.009 -26"><span class='ocrx_word' id='word_1_211' title='bbox 63 3033 215 3135; x_wconf 65' lang='lat' dir='ltr'>marmur,</span> <span class='ocrx_word' id='word_1_212' title='bbox 256 3043 382 3117; x_wconf 88' lang='lat' dir='ltr'>lethale</span> <span class='ocrx_word' id='word_1_213' title='bbox 413 3040 604 3138; x_wconf 84' lang='lat' dir='ltr'>aquodam</span> <span class='ocrx_word' id='word_1_214' title='bbox 635 3038 774 3134; x_wconf 87' lang='lat' dir='ltr'>accepit</span> <span class='ocrx_word' id='word_1_215' title='bbox 809 3039 953 3126; x_wconf 86' lang='lat' dir='ltr'>vulnua,</span> <span class='ocrx_word' id='word_1_216' title='bbox 994 3055 1029 3110; x_wconf 89' lang='lat' dir='ltr'>et</span> <span class='ocrx_word' id='word_1_217' title='bbox 1050 3040 1260 3138; x_wconf 72' lang='lat' dir='ltr'>exspiravit„</span> 
     </span>
     <span class='ocr_line' id='line_1_28' title="bbox 66 3129 1261 3230; baseline 0.011 -22"><span class='ocrx_word' id='word_1_218' title='bbox 66 3131 120 3208; x_wconf 90' lang='lat' dir='ltr'>Uli</span> <span class='ocrx_word' id='word_1_219' title='bbox 137 3162 237 3230; x_wconf 84' lang='lat' dir='ltr'>veto,</span> <span class='ocrx_word' id='word_1_220' title='bbox 274 3160 355 3211; x_wconf 84' lang='lat' dir='ltr'>eum</span> <span class='ocrx_word' id='word_1_221' title='bbox 388 3136 458 3212; x_wconf 86' lang='lat' dir='ltr'>elle</span> <span class='ocrx_word' id='word_1_222' title='bbox 482 3133 699 3230; x_wconf 69' lang='lat' dir='ltr'>zuinglium,</span> <span class='ocrx_word' id='word_1_223' title='bbox 740 3129 964 3220; x_wconf 83' lang='lat' dir='ltr'>constitisset,</span> <span class='ocrx_word' id='word_1_224' title='bbox 1003 3137 1261 3222; x_wconf 76' lang='lat' dir='ltr'>condemnatur·</span> 
     </span>
     <span class='ocr_line' id='line_1_29' title="bbox 65 3229 1258 3329; baseline -0.001 -25"><span class='ocrx_word' id='word_1_225' title='bbox 65 3229 304 3320; x_wconf 82' lang='lat' dir='ltr'>postmortem</span> <span class='ocrx_word' id='word_1_226' title='bbox 338 3253 499 3329; x_wconf 86' lang='lat' dir='ltr'>tanquam</span> <span class='ocrx_word' id='word_1_227' title='bbox 532 3230 745 3316; x_wconf 80' lang='lat' dir='ltr'>haereticus,</span> <span class='ocrx_word' id='word_1_228' title='bbox 764 3247 816 3302; x_wconf 90' lang='lat' dir='ltr'>-et</span> <span class='ocrx_word' id='word_1_229' title='bbox 846 3229 884 3302; x_wconf 91' lang='lat' dir='ltr'>in</span> <span class='ocrx_word' id='word_1_230' title='bbox 917 3230 992 3326; x_wconf 82' lang='lat' dir='ltr'>ejua</span> <span class='ocrx_word' id='word_1_231' title='bbox 1024 3252 1150 3329; x_wconf 79' lang='lat' dir='ltr'>corpus</span> <span class='ocrx_word' id='word_1_232' title='bbox 1179 3236 1258 3315; x_wconf 62' lang='lat' dir='ltr'>laea</span> 
     </span>
     <span class='ocr_line' id='line_1_30' title="bbox 64 3321 1374 3430; baseline 0.01 -34"><span class='ocrx_word' id='word_1_233' title='bbox 64 3321 151 3406; x_wconf 80' lang='lat' dir='ltr'>ritum</span> <span class='ocrx_word' id='word_1_234' title='bbox 172 3329 243 3421; x_wconf 86' lang='lat' dir='ltr'>est,</span> <span class='ocrx_word' id='word_1_235' title='bbox 275 3330 369 3430; x_wconf 93' lang='lat' dir='ltr'>quod</span> <span class='ocrx_word' id='word_1_236' title='bbox 393 3329 432 3404; x_wconf 90' lang='lat' dir='ltr'>iu</span> <span class='ocrx_word' id='word_1_237' title='bbox 481 3345 605 3404; x_wconf 85' lang='lat' dir='ltr'>uatuor</span> <span class='ocrx_word' id='word_1_238' title='bbox 627 3343 744 3423; x_wconf 82' lang='lat' dir='ltr'>parter</span> <span class='ocrx_word' id='word_1_239' title='bbox 767 3323 915 3410; x_wconf 75' lang='lat' dir='ltr'>senum,</span> <span class='ocrx_word' id='word_1_240' title='bbox 957 3345 994 3400; x_wconf 89' lang='lat' dir='ltr'>et</span> <span class='ocrx_word' id='word_1_241' title='bbox 1021 3325 1172 3406; x_wconf 75' lang='lat' dir='ltr'>flammis</span> <span class='ocrx_word' id='word_1_242' title='bbox 1196 3337 1261 3418; x_wconf 61' lang='lat' dir='ltr'>elie</span> <span class='ocrx_word' id='word_1_243' title='bbox 1368 3345 1374 3360; x_wconf 79' lang='grc'><strong>“</strong></span> 
     </span>
     <span class='ocr_line' id='line_1_31' title="bbox 64 3419 1249 3526; baseline 0.004 -33"><span class='ocrx_word' id='word_1_244' title='bbox 64 3426 274 3518; x_wconf 71' lang='lat' dir='ltr'>molestam</span> <span class='ocrx_word' id='word_1_245' title='bbox 297 3425 467 3520; x_wconf 86' lang='lat' dir='ltr'>eordepo</span> <span class='ocrx_word' id='word_1_246' title='bbox 495 3445 536 3498; x_wconf 85' lang='lat' dir='ltr'>ea</span> <span class='ocrx_word' id='word_1_247' title='bbox 552 3439 694 3518; x_wconf 81' lang='lat' dir='ltr'>reperto</span> <span class='ocrx_word' id='word_1_248' title='bbox 715 3419 840 3515; x_wconf 89' lang='lat' dir='ltr'>illaeso.</span> <span class='ocrx_word' id='word_1_249' title='bbox 892 3421 978 3496; x_wconf 87' lang='lat' dir='ltr'>Dici</span> <span class='ocrx_word' id='word_1_250' title='bbox 993 3423 1132 3519; x_wconf 87' lang='lat' dir='ltr'>nequit,</span> <span class='ocrx_word' id='word_1_251' title='bbox 1158 3451 1249 3526; x_wconf 72' lang='lat' dir='ltr'>quot</span> 
     </span>
     <span class='ocr_line' id='line_1_32' title="bbox 66 3515 1246 3629; baseline 0.003 -37"><span class='ocrx_word' id='word_1_252' title='bbox 66 3524 239 3622; x_wconf 84' lang='lat' dir='ltr'>quantisque</span> <span class='ocrx_word' id='word_1_253' title='bbox 268 3519 375 3595; x_wconf 89' lang='lat' dir='ltr'>fuerit</span> <span class='ocrx_word' id='word_1_254' title='bbox 402 3519 587 3596; x_wconf 78' lang='lat' dir='ltr'>calumniis</span> <span class='ocrx_word' id='word_1_255' title='bbox 619 3515 697 3629; x_wconf 76' lang='lat' dir='ltr'>poli</span> <span class='ocrx_word' id='word_1_256' title='bbox 720 3537 892 3608; x_wconf 87' lang='lat' dir='ltr'>mortem,</span> <span class='ocrx_word' id='word_1_257' title='bbox 935 3535 973 3591; x_wconf 87' lang='lat' dir='ltr'>et</span> <span class='ocrx_word' id='word_1_258' title='bbox 1005 3519 1081 3613; x_wconf 86' lang='lat' dir='ltr'>ejua</span> <span class='ocrx_word' id='word_1_259' title='bbox 1103 3542 1246 3620; x_wconf 82' lang='lat' dir='ltr'>quoque</span> 
     </span>
     <span class='ocr_line' id='line_1_33' title="bbox 65 3615 1265 3714; baseline 0.005 -28"><span class='ocrx_word' id='word_1_260' title='bbox 65 3617 108 3686; x_wconf 86' lang='lat' dir='ltr'>rel</span> <span class='ocrx_word' id='word_1_261' title='bbox 139 3617 211 3710; x_wconf 80' lang='lat' dir='ltr'>eto,</span> <span class='ocrx_word' id='word_1_262' title='bbox 234 3615 432 3714; x_wconf 82' lang='lat' dir='ltr'>proscissua,</span> <span class='ocrx_word' id='word_1_263' title='bbox 456 3638 478 3690; x_wconf 93' lang='lat' dir='ltr'>a</span> <span class='ocrx_word' id='word_1_264' title='bbox 502 3615 692 3690; x_wconf 80' lang='lat' dir='ltr'>Catholicis</span> <span class='ocrx_word' id='word_1_265' title='bbox 708 3622 783 3693; x_wconf 89' lang='lat' dir='ltr'>non&#39;</span> <span class='ocrx_word' id='word_1_266' title='bbox 807 3633 963 3704; x_wconf 85' lang='lat' dir='ltr'>tantum,</span> <span class='ocrx_word' id='word_1_267' title='bbox 989 3615 1046 3688; x_wconf 92' lang='lat' dir='ltr'>sed</span> <span class='ocrx_word' id='word_1_268' title='bbox 1070 3631 1123 3702; x_wconf 88' lang='lat' dir='ltr'>et,</span> <span class='ocrx_word' id='word_1_269' title='bbox 1149 3621 1265 3712; x_wconf 87' lang='lat' dir='ltr'>quod·</span> 
     </span>
     <span class='ocr_line' id='line_1_34' title="bbox 111 3705 1271 3894; baseline -0.012 -99"><span class='ocrx_word' id='word_1_270' title='bbox 111 3715 249 3812; x_wconf 77' lang='lat' dir='ltr'>udum,</span> <span class='ocrx_word' id='word_1_271' title='bbox 271 3713 314 3792; x_wconf 84' lang='lat' dir='ltr'>ab</span> <span class='ocrx_word' id='word_1_272' title='bbox 337 3711 419 3815; x_wconf 81' lang='lat' dir='ltr'>ipfit</span> <span class='ocrx_word' id='word_1_273' title='bbox 448 3710 646 3885; x_wconf 58' lang='lat' dir='ltr'>reformatss</span> <span class='ocrx_word' id='word_1_274' title='bbox 654 3710 890 3883; x_wconf 47' lang='lat' dir='ltr'>c{atlanticum</span> <span class='ocrx_word' id='word_1_275' title='bbox 914 3708 975 3803; x_wconf 86' lang='lat' dir='ltr'>qui</span> <span class='ocrx_word' id='word_1_276' title='bbox 1000 3705 1132 3818; x_wconf 83' lang='lat' dir='ltr'>cladem</span> <span class='ocrx_word' id='word_1_277' title='bbox 1153 3715 1271 3894; x_wconf 44' lang='lat' dir='ltr'>‘litanda</span> 
     </span>
    </p>

    <p class='ocr_par' dir='ltr' id='par_1_6' title="bbox 700 3825 1271 3906">
     <span class='ocr_line' id='line_1_35' title="bbox 700 3825 1271 3906; baseline 0 -20"><span class='ocrx_word' id='word_1_278' title='bbox 700 3828 722 3906; x_wconf 80' lang='lat'><strong>3</strong></span> <span class='ocrx_word' id='word_1_279' title='bbox 918 3881 923 3886; x_wconf 82' lang='grc'><strong>,</strong></span> <span class='ocrx_word' id='word_1_280' title='bbox 962 3829 970 3852; x_wconf 88' lang='grc'><em>·</em></span> <span class='ocrx_word' id='word_1_281' title='bbox 1093 3825 1190 3890; x_wconf 78' lang='lat' dir='ltr'>vanu</span> <span class='ocrx_word' id='word_1_282' title='bbox 1265 3885 1271 3893; x_wconf 85' lang='grc'><em>,</em></span> 
     </span>
    </p>
   </div>
   <div class='ocr_carea' id='block_1_6' title="bbox 0 0 1568 4438">
    <p class='ocr_par' dir='ltr' id='par_1_7' title="bbox 0 0 1568 4438">
     <span class='ocr_line' id='line_1_36' title="bbox 0 0 1568 4438; baseline 0 1"><span class='ocrx_word' id='word_1_283' title='bbox 0 0 1568 4438; x_wconf 95' lang='lat' dir='ltr'> </span> 
     </span>
    </p>
   </div>
  </div>
 </body>
</html>
