3128 4438
415 267 419 278 ,
492 212 495 223 ¹
540 181 647 261 Secti.
671 145 773 264 XVI,
1193 212 1262 290 231

67 364 168 468 quibua
186 359 334 456 infanti,
368 360 439 438 stne
467 355 642 461 baptismo
671 383 833 455 mortuo,
857 364 930 440 vita
958 367 1162 456 censebatur
1185 338 1267 444 reis·

64 471 136 552 dita,
172 459 282 534 donec
306 460 562 555 baptizaretur,
597 485 754 558 quaeque
785 461 971 558 ingentem
997 465 1265 564 uenerationem

64 556 228 637 inanimis
259 557 438 632 bominum
473 561 706 653 pepererant,
750 559 828 631 sunt
862 559 1015 632 retectae
1048 585 1084 633 ct
1117 561 1265 637 vetitae.

63 661 214 734 Praeterea
244 647 397 744 Jacubus
429 655 648 744 Bctnnrdus,
700 657 959 729 coenobiarcha
996 657 1263 749 Franciscanus,

64 753 160 848 magni
180 753 334 823 nominis
362 749 588 844 Theologus,
612 753 654 825 ad
673 749 788 844 purius
814 749 1035 846 euangelium
1052 757 1263 846 conuersus,

65 853 175 938 theles,
206 843 405 919 felicissimo
437 842 610 937 successu,
651 847 791 942 publice
821 847 1006 943 proposuit
1031 850 1264 938 ventilandae,

64 945 135 1020 unde
153 939 221 1040 ipsa
245 963 325 1015 orta
350 939 402 1013 est
426 941 647 1016 reformatio.
697 941 832 1015 Thesea
857 943 996 1016 fuerunt
1018 943 1264 1037 justificationi

63 1039 294 1134 exoperibus,
336 1036 444 1110 cultui
477 1036 670 1112 sanctorum
704 1057 741 1110 et
769 1038 981 1134 imaginum,
1019 1043 1267 1116 traditionibus

62 1139 214 1226 humanis,
256 1132 421 1230 precibus
451 1155 517 1229 pro
543 1130 735 1222 defunctis,
779 1152 814 1206 et
845 1133 1018 1230 suffragiis
1051 1136 1267 1227 sanctorum,

61 1231 237 1330 oppositae,
281 1249 320 1302 et
354 1229 547 1302 contrarias
585 1231 818 1304 continebant
854 1229 1034 1305 veritates,
1094 1231 1270 1307 Tbesrbtls

61 1323 312 1429 quaquaversum
349 1325 473 1413 missus,
514 1323 741 1420 undequaque
775 1326 850 1398 sunt
883 1349 903 1400 a
936 1328 1068 1399 Senatu
1100 1326 1268 1418 invitati,

4 1463 5 1486 2
62 1450 125 1499 cum
156 1419 351 1498 securitatis
380 1421 569 1514 promisso,
612 1419 671 1515 qui
703 1418 929 1516 disputarent.
988 1423 1093 1497 Pauci
1130 1439 1268 1500 tantum

59 1536 325 1618 cooperuerunt,
366 1537 513 1614 propter
544 1513 713 1611 Episcopi
748 1536 785 1589 et
812 1519 921 1591 Ducis
944 1519 1135 1593 sabaudiae
1158 1521 1272 1596 inter·

61 1617 153 1706 lina,
175 1616 268 1689 inter
294 1635 381 1709 quos
405 1613 629 1687 eminuerunt
655 1612 797 1686 Carolus
819 1614 1052 1701 Sorbonicus,
1085 1634 1124 1688 et
1152 1616 1270 1712 Cbap·

4 1745 5 1786 2
57 1712 203 1810 phusrus,
228 1707 421 1786 coenobita
444 1707 710 1782 Dominicanus.
759 1703 1010 1802 Disputatione
1029 1730 1093 1818 per
1117 1730 1269 1804 quatuor

59 1805 292 1898 hebdomadas,
323 1806 384 1878 sub
406 1803 567 1900 auspiciis
592 1804 755 1891 Senator,
791 1799 931 1891 habita,
964 1822 1092 1876 ventas
1118 1827 1271 1902 euange-

61 1907 113 1980 lica
138 1902 333 2002 plenissrme
366 1897 617 1996 triumphavit,
657 1897 738 1993 lplis
778 1893 866 1988 illis,
907 1897 1015 1970 modo
1046 1903 1274 1993 memoratis,

4 2007 5 2046 ³
61 1999 315 2098 disputatoribus
352 1996 387 2070 se
428 1994 723 2070 submittentibus.
768 1993 823 2068 Ex
852 2017 923 2090 quo
949 1993 1063 2068 indies
1095 1996 1130 2068 se
1152 1997 1271 2070 refor·
1338 2011 1376 2076 ,’

52 2099 144 2172 matis
167 2093 412 2193 adjunxerunt·
428 2092 548 2183 multi,
589 2090 645 2165 sed
671 2090 750 2182 alii,
791 2109 830 2163 et
853 2091 980 2164 Clerici
1003 2113 1045 2164 ac
1063 2092 1264 2184 Monaclti3

62 2197 163 2268 urbem
187 2193 426 2286 reliquerunt,
457 2211 502 2262 eo
527 2191 633 2263 etiam
662 2207 827 2274 numero,
852 2205 891 2260 ut
922 2186 1087 2280 Senatus,
1121 2212 1166 2263 ne
1191 2193 1271 2265 urbs
1322 2263 1332 2279 ,

62 2291 128 2385 quid
156 2286 365 2362 detrimenti
388 2303 548 2380 caperet,
579 2282 739 2379 inpedire
764 2281 921 2356 debuerit
944 2282 1128 2380 egressum.
1179 2283 1284 2364 vid·

4 2383 5 2416 ³
63 2388 218 2460 scultetus
245 2381 491 2456 manuales
519 2380 701 2454 Turretini
727 2379 936 2456 narratione.
1011 2411 1033 2426 -·

96 2481 124 2580 s.
147 2479 345 2556 CCXXlX.
378 2477 494 2550 Finita
522 2474 757 2574 disputatione
778 2475 925 2550 Senatus
949 2473 1089 2572 quidem
1116 2477 1275 2574 proten-¹

64 2595 158 2650 teret
184 2572 409 2672 pedetentim
434 2572 570 2646 censuit
602 2575 638 2646 in
664 2573 735 2646 ltoc
761 2592 867 2668 opere
893 2573 1156 2667 procedendum
1177 2575 1271 2670 else,
1365 2633 1368 2641 .

4 2719 5 2724 =
64 2675 151 2748 multa
174 2674 287 2761 mala,
313 2671 397 2744 inde
428 2667 580 2754 oritura,
610 2687 788 2754 metuens,
815 2665 872 2740 sed
901 2667 1012 2742 nimio
1035 2671 1148 2764 plebis
1171 2673 1269 2766 zelo,

4 2777 5 2790 ³
65 2789 94 2841 et
120 2769 268 2846 fervidis
300 2767 420 2840 Farelll
452 2764 689 2853 orationibus,
723 2762 971 2854 succumbent,
1007 2788 1145 2840 manum
1184 2791 1272 2847 mox

63 2863 145 2960 operi
166 2863 340 2942 admovit.
391 2862 492 2935 Plebs
515 2863 609 2934 eninr
636 2859 671 2934 in
696 2857 887 2958 imagines,
911 2861 1044 2956 aliaque
1067 2861 1274 2941 devotionis
1408 2929 1412 2939 .

65 2959 300 3050 instrumenta,
325 2961 486 3053 inpetum
522 2955 579 3029 hic
603 2955 676 3032 illic
698 2955 767 3050 jam
796 2954 953 3044 fecerat,
993 2975 1029 3028 et
1056 2959 1208 3033 Farellus
1232 2960 1273 3036 in
1304 2959 1308 2968 ’

65 3055 239 3146 Ecclesris,
278 3077 367 3153 quae
393 3051 580 3126 Catholicis
615 3054 730 3126 adhuc
754 3049 894 3124 relictae
918 3071 1038 3140 erant,
1080 3055 1275 3133 conciones

65 3173 173 3230 contra
204 3157 351 3227 Senatus
381 3151 598 3223 voluntatem
632 3147 765 3223 babuit.
813 3147 972 3220 Tandem
998 3150 1117 3247 itaque
1139 3151 1295 3230 convo-r

65 3249 139 3324 catis
164 3251 242 3346 plus
266 3269 332 3322 una
361 3246 440 3319 vice
467 3243 657 3319 Canonicis
690 3265 728 3318 et
753 3241 978 3336 Coenobitis,
1018 3265 1076 3336 ut,
1117 3243 1141 3320 fi
1167 3247 1274 3345 quid,

88 3369 129 3418 uo
152 3345 287 3419 causam
322 3342 411 3417 suam
439 3363 483 3416 ex
509 3340 690 3437 Scriptura
718 3342 752 3416 S.
778 3341 948 3438 probent,
991 3341 1160 3432 babeant,
1194 3355 1277 3442 prou

67 3366 214 3532 iernent,
238 3439 359 3535 illique
381 3435 511 3534 effugia
536 3456 763 3534 quaererent,
796 3436 830 3509 se
853 3437 888 3510 in
914 3437 969 3512 soa
993 3439 1170 3534 religione
1196 3463 1277 3531 per·

71 3534 230 3612 tinaciter
243 3535 457 3611 declarantes
472 3555 611 3608 manere
629 3535 738 3622 uelle,
770 3555 859 3628 opus
883 3533 924 3607 ad
948 3533 1083 3607 exitum
1111 3535 1278 3628 perduxit

70 3629 215 3714 Sensus
260 3631 455 3730 lnagines,
480 3651 567 3730 quae
592 3628 784 3805 rpspsbant,
808 3627 998 3721 destruxit,
1029 3628 1074 3703 de
1095 3630 1278 3799 cocpppiis
1487 3617 1559 3672 -l

389 3771 391 3776 ’
684 3747 710 3818 4
1183 3745 1279 3828 ¹1³0!
1342 3805 1351 3846 ,
