3098 4436
540 187 647 269 Secti.
673 185 775 298 XVI.
1193 218 1266 296 337

61 367 305 472 superstitiosis,
337 367 381 446 ab
404 365 511 444 altera
537 365 599 444 fibi
629 393 649 444 a
683 361 1044 468 psendoeuangelicir
1077 391 1262 464 caverent,
1332 425 1335 450 .

61 472 135 566 qui,
159 471 226 544 sola
249 469 286 543 iii
311 465 485 542 Christum
507 463 577 538 fide
598 463 634 539 se
653 466 783 542 servari
799 465 918 563 polio,
942 469 1151 562 credebant,
1176 493 1264 568 quos

60 589 189 661 cunque
211 564 320 640 modo
344 563 519 637 viverent.
572 559 672 660 Quae
693 561 766 638 duo
793 581 948 638 extrema
983 564 1173 660 prudenter
1204 566 1276 640 adt
1356 605 1359 612 ⁴

60 663 189 737 modum
213 657 423 736 censuerunt
449 655 601 732 vitanda.
652 657 780 752 Qualcr
804 657 971 734 homiliae
994 662 1100 734 etlam
1124 659 1268 748 confec,

60 777 115 830 tre
138 759 221 833 sunt.
275 777 308 830 2.
334 756 482 829 Novum
509 751 774 828 Testamentum
797 775 877 828 curii
902 753 1100 852 paraphrasi
1130 757 1265 834 Erasmi

64 854 168 948 litigia
189 852 384 949 Anglicana
407 848 604 944 insingulir
620 846 797 948 parochiis
815 853 1084 946 praelegeretur.
1140 877 1173 949 3.
1196 853 1266 928 Vi·

61 946 203 1024 ficatorer
226 971 295 1046 per
316 963 428 1020 toturn
452 945 612 1040 Regnum
635 967 716 1018 cum
737 944 874 1021 idoneis
898 949 1123 1024 mitterentur
1142 951 1264 1024 conci·

60 1043 267 1132 oratoribus,
302 1043 344 1116 ad
368 1041 492 1115 statum
516 1039 742 1114 Eccleliarum
768 1038 1043 1136 inspiciendum,
1076 1063 1111 1116 et
1143 1046 1266 1120 abusui

63 1135 559 1226 liliuminter-emendandos,
584 1139 623 1211 in
648 1137 762 1230 specie
785 1137 951 1212 tollendas
968 1138 1137 1235 imagines
1164 1163 1199 1228 4.
1218 1141 1266 1228 Ef

61 1236 183 1334 pil‘copi
210 1258 284 1310 noir
314 1231 376 1306 nisi
401 1234 436 1305 iii
456 1231 736 1322 Cathedralibns,
760 1231 880 1328 reliqui
896 1251 1030 1308 tantum
1046 1237 1085 1307 iii
1104 1235 1265 1330 paroclii·

62 1333 174 1421 albus,
192 1329 378 1418 Ecclefiis,
397 1350 460 1424 pro
477 1348 636 1420 tempore
667 1326 856 1407 conciones
880 1329 1067 1420 haberent3
1089 1353 1158 1426 quo
1166 1354 1266 1425 praef

63 1431 254 1517 cavebatur,
281 1447 327 1498 ne
342 1427 470 1521 ubique
487 1423 523 1496 id
544 1423 700 1498 facerent
716 1420 907 1500 Potitilicii.
954 1425 1037 1525 Quo
1059 1428 1186 1500 eodem
1204 1449 1267 1518 anf

62 1545 100 1598 no
121 1521 323 1598 communio
347 1519 407 1594 sub
435 1540 579 1615 utraque
597 1517 712 1614 specie
728 1518 875 1596 stabilita
891 1519 961 1612 cst,
987 1521 1107 1596 miliae
1125 1545 1195 1620 quo
1222 1547 1266 1596 ue

61 1619 219 1694 solitariae
244 1621 326 1693 sunt
349 1620 434 1688 abro
460 1635 557 1702 atae,
581 1615 672 1709 jussu
702 1616 923 1690 Parlamenri:
959 1616 1112 1712 denique
1136 1543 1224 1692 eleii

63 1733 92 1785 et
115 1713 334 1826 inauguratio
357 1639 608 1807 Epidopoiim
632 1707 726 1804 Regi
751 1711 850 1806 plane
878 1711 929 1786 est
953 1709 1116 1805 subjecta.
1165 1714 1264 1786 Ten·

61 1830 118 1881 tata
155 1813 300 1907 quidem
340 1809 418 1882 iniit
458 1807 538 1892 alia,
579 1806 637 1879 sed
674 1825 744 1877 noti
781 1806 961 1890 conclusa,
999 1825 1059 1877 aut
1099 1807 1272 1901 peritam

62 1905 208 2002 Denique
235 1901 428 1978 sublimem
454 1901 536 1976 antii
563 1899 734 1975 invitatus
759 1897 828 1987 est,
860 1920 897 1973 et
922 1897 1116 1995 persuasus,
1140 1900 1269 1974 instan-

64 2002 111 2075 tiis
131 1999 333 2088 Cranmeri,
366 2000 490 2072 Petrus
517 1997 677 2092 Marum,
710 2016 790 2070 cum
821 1997 921 2070 Bern.
955 1994 1118 2078 Ocliitio.
1159 2019 1197 2072 ut
1229 1999 1267 2072 iii

63 2097 209 2192 llugliam
266 2093 424 2168 veniret:
476 2091 616 2190 quaudo
655 2091 907 2166 canonicatum
954 2090 1269 2188 cantabrigienlcm

64 2197 194 2290 accepit.
243 2191 329 2266 Erat
356 2208 470 2263 autem
496 2187 733 2276 Florentium,
768 2208 808 2262 et
829 2189 1031 2264 Monachus
1064 2189 1267 2286 Augustini·

64 2310 152 2378 anus,
174 2288 255 2388 qui,·
282 2285 333 2359 ibi
358 2303 524 2380 teprarum
543 2285 704 2380 nusquam
722 2299 833 2374 tutus,
859 2283 1053 2378 Tigurum,
1079 2286 1265 2376 Basileam,

64 2383 197 2492 donique
238 2384 483 2477 stratburgum
515 2378 636 2469 venit,
680 2378 740 2454 ubi
781 2378 913 2456 litterar
941 2383 1135 2495 Cranmerj
1168 2403 1270 2457 acce·

62 2498 127 2673 pui-
150 2571 449 2654 CCCXXXVIH.
484 2570 641 2680 Majorea
669 2571 786 2648 adhuc
817 2568 902 2648 fecit
935 2568 1139 2682 reformatio
1185 2597 1267 2671 pror

69 2670 178 2766 grillus
200 2695 231 2745 a.
262 2677 367 2761 1548.
408 2670 547 2741 Praeter
569 2668 650 2744 aliar
673 2668 855 2742 nonnullat
884 2689 1097 2742 cerimonias
1121 2671 1268 2766 palclia·

68 2765 120 2856 let,
142 2788 184 2852 ‚et
207 2766 353 2851 similer,
386 2785 507 2838 omnes
531 2761 720 2856 imagines,
745 2761 831 2856 iuffu
855 2763 1065 2840 protectoris
1088 2785 1126 2838 et
1155 2767 1266 2840 Seria·

72 2881 132 2951 tus,
158 2865 320 2939 sublatae·
338 2859 437 2947 suiit,
460 2880 539 2932 curii
568 2855 630 2933 illis
647 2857 853 2946 Miffaticir‚
878 2857 1089 2954 simpliciore
1104 2858 1267 2938 instituto

72 2955 194 3048 officio,
217 2958 314 3054 cnjus
347 2953 590 3050 conspectum,
624 2952 918 3028 animadversione
958 2954 1127 3049 dignum,
1165 2958 1267 3032 dedit

73 3053 204 3149 Burnet,
228 3074 267 3128 et
283 3051 389 3128 Milia
412 3051 448 3126 iii
468 3049 750 3126 communionem
768 3066 924 3138 mutata,
951 3050 1008 3122 led
1026 3050 1266 3146 poenitentia.

73 3169 139 3222 cuni
163 3148 341 3227 auriculari
362 3141 598 3232 coiifellione,
625 3144 788 3243 cujusque
807 3141 930 3220 'relidla
954 3147 1112 3223 arbitrio.
1163 3147 1267 3224 Libri

1228 1621 1375 1692 io·

56 3265 171 3338 porro
198 3240 353 3356 liturgici
386 3240 564 3316 reformati
587 3240 664 3318 sunt
704 3239 815 3339 quoad
839 3263 983 3338 precer,
1017 3237 1200 3318 cantiones
1226 3244 1267 3325 in
1398 3237 1400 3244 ’

74 3337 280 3418 sacramentis
317 3355 355 3412 et
397 3337 589 3412 sannorum
632 3335 729 3412 iestir
754 3335 918 3427 usitatas,
967 3338 1117 3415 retentii
1149 3357 1268 3418 tamen

74 3431 229 3533 liturgiis,
254 3456 340 3532 quae
363 3431 448 3508 ferri
473 3451 660 3530 poterant,
684 3457 762 3508 cum
789 3431 942 3510 vestibus
968 3433 1153 3512 miffaticir.
1203 3431 1267 3512 Est

76 3527 198 3628 iraque,
222 3551 261 3606 ut
287 3529 396 3604 verbo
419 3529 556 3618 dicam,
588 3527 728 3624 liturgia
752 3531 946 3627 Anglicrna
969 3529 1007 3604 iii
1029 3553 1104 3606 eam
1128 3529 1268 3626 tedadla

81 3623 229 3714 leimam,
256 3649 343 3704 ouae
366 3643 405 3701 et
431 3647 526 3706 nunc
549 3623 685 3713 sercin
710 3625 844 3724 Anglia
863 3623 1021 3720 obtinet,
1046 3642 1084 3698 et
1111 3619 1270 3726 superstip

75 3719 312 3816 ·,Jiii.·V11.
635 3719 707 3796 Vv
997 3721 1045 3738 ”“
1105 3727 1117 3742 ’
1164 3713 1272 3796 tiniae.
