3000 4800
569 689 679 774 secut
701 692 805 774 XVI.
888 746 893 764 »
1243 724 1250 735 ·
1282 735 1310 808 9

1117 826 1137 857 ς,

120 872 157 975 ς.
180 871 269 951 vit
294 871 427 971 agerat
441 869 620 973 hucusque
637 871 807 965 timidius,
824 889 862 948 et
876 872 1080 970 modestius,
1098 881 1301 983 Lutberur,

75 994 144 1049 nec
160 973 295 1068 Papae,
320 990 381 1044 aut
400 968 596 1061 Ecclesiae,
623 971 815 1067 infregerat
836 972 1083 1065 autoritatem,
1108 1003 1186 1058 eam
1212 985 1304 1064 limi.

77 1069 162 1144 tasse
178 1085 389 1142 contentus:
414 1065 473 1139 sed
488 1090 573 1143 mox
590 1067 719 1163 duplex
737 1065 801 1163 ipfi
818 1069 937 1143 oblata
960 1068 1012 1141 est
1026 1077 1166 1151 occasio
1187 1080 1300 1158 acrius

73 1184 110 1239 ct
126 1162 283 1260 apertius
305 1163 345 1236 in
368 1161 541 1236 Ecclcfiae
562 1164 791 1250 Pontificiae,
814 1183 851 1237 et
873 1165 1072 1240 autoritatis
1087 1170 1220 1267 Papalir
1234 1181 1297 1253 ab·

76 1258 152 1335 usus
173 1259 270 1332 instar
296 1258 400 1348 endi3
424 1281 525 1355 quam
543 1281 616 1333 non
633 1261 789 1354 neglexit
811 1257 981 1355 adripere.
1031 1261 1175 1344 Priorem
1197 1269 1299 1349 dedit

75 1353 251 1452 Sylvester
269 1283 446 1442 Prieriar,
471 1356 510 1429 in
540 1356 702 1450 epitome
726 1354 989 1451 responfionutn
1017 1379 1138 1437 contra
1164 1366 1299 1444 Lutbe·

76 1474 172 1542 nim,
215 1450 255 1523 in
291 1474 358 1548 qua
393 1452 522 1546 Papam
554 1453 655 1549 supra
690 1449 862 1540 concilia,
904 1474 1076 1559 canones,
1116 1456 1298 1561 ipsamque

74 1549 318 1643 Scriptum,
343 1547 430 1620 adeo
446 1546 599 1637 extollit,
619 1549 798 1621 utnullurn
815 1565 968 1621 tenuent
985 1552 1146 1643 modurn,
1165 1556 1295 1650 fidem,

76 1665 112 1718 et
134 1663 311 1716 morerer
332 1643 588 1741 Scripturama
609 1646 724 1739 Papae
748 1642 893 1716 arbitrio
917 1642 1137 1740 suspendens.
1190 1653 1294 1823 3110,

75 1741 166 1815 adeo
197 1741 269 1812 suit
290 1739 488 1835 indignatus
509 1740 700 1826 Lutherus,
738 1758 775 1812 ut
806 1759 844 1811 et
878 1738 982 1814 talem
1015 1743 1142 1837 Papam
1166 1747 1202 1820 di
1217 1770 1295 1825 erte

76 1838 208 1908 dixerit
222 1834 478 1908 Antichristum
489 1871 509 1920 ,s
524 1854 560 1906 et
577 1836 621 1908 de
636 1836 696 1907 illo
714 1832 804 1906 libro
818 1834 1010 1924 censuerit,
1036 1843 1188 1932 optimam
1205 1847 1295 1921 illius

74 1931 134 2026 effe
169 1930 444 2018 roasurarr'onerrr,
471 1929 618 2017 sardus
642 1941 814 2025 vulgeturr
846 1932 987 2039 imoeo
1012 1941 1228 2032 proruperit,
1255 1961 1294 2016 ut

76 2031 163 2101 tales
201 2027 317 2120 pelles
354 2048 373 2099 a
406 2026 633 2120 potestatibus
657 2026 865 2100 secularibus
897 2027 1025 2100 dixerit
1050 2030 1290 2129 exstirpandas

74 2121 156 2196 eise.
207 2125 359 2195 Alterum
393 2123 623 2214 praebuerunt
646 2123 719 2194 asia
746 2124 857 2216 Papae
881 2144 961 2194 curn
994 2122 1166 2204 Lutlrero.
1218 2134 1293 2207 Leo
1419 2161 1422 2164 ·

73 2218 141 2307 X.,
176 2222 249 2293 aliis
279 2217 452 2312 inplicitus
477 2218 648 2316 negotiis,
673 2217 925 2312 disputationes
948 2217 1018 2291 illas
1042 2222 1222 2315 spreverat
1249 2228 1290 2304 iu

74 2314 205 2405 initio,
238 2314 343 2402 dein,
366 2313 543 2386 continuit
559 2314 836 2385 accusationibus
852 2330 973 2382 contra
989 2314 1186 2392 Lutberum
1214 2345 1293 2395 rno·

74 2427 153 2496 tus,
178 2434 255 2482 eum
279 2409 423 2497 citavit,
450 2430 488 2481 ut
511 2413 605 2481 intra
630 2406 807 2503 sexaginta
824 2409 897 2478 dies
915 2407 1052 2480 Romae
1068 2433 1292 2510 compareat,

71 2505 249 2600 judicibus
280 2503 344 2600 ipfi
370 2504 480 2590 datis,
515 2509 610 2578 inter
633 2527 717 2600 quos
745 2503 818 2596 ipse
843 2502 900 2574 ille
922 2524 994 2575 erat
1019 2504 1213 2602 Sylvester,
1247 2517 1292 2589 de

98 2626 144 2675 uo
177 2622 367 2697 propterea
398 2600 490 2673 dixit
525 2599 719 2688 Lutherus,
756 2600 836 2672 idem
858 2600 946 2671 lromo
970 2600 1186 2699 suovifflmus
1209 2613 1290 2681 mili

66 2627 169 2792 imus
199 2697 405 2789 adrersarius
437 2713 469 2768 rt
494 2699 602 2790 judex
632 2700 689 2788 cll.
748 2696 814 2767 Sed
846 2716 950 2781 mort,
982 2715 1116 2772 mutato
1148 2706 1291 2798 animo,

71 2793 411 2889 compendiosiorem
437 2788 506 2863 effe
531 2790 624 2863 viam
650 2811 760 2878 ratus,
785 2793 918 2863 causam
936 2792 1084 2866 Lutberi
1112 2802 1290 2877 commisit

70 2890 248 2966 cardinali
270 2890 384 2985 legato
400 2886 616 2978 judicandam
641 2886 676 2959 in
695 2885 766 2982 ipsa
786 2886 987 2993 Germania.
1020 2888 1149 2965 Misius
1167 2895 1288 2991 itaque

67 2987 122 3060 est
147 2988 299 3079 Legatos
324 2986 452 3058 Tomas
482 2985 524 3053 de
548 2981 641 3071 Vio,
675 2980 860 3055 Cardinalis
885 2981 1086 3075 cajetanus,
1111 3011 1191 3062 cuni
1215 2993 1290 3069 Lu-

68 3084 166 3157 theri
202 3079 319 3169 causa,
352 3100 426 3153 tum
457 3080 577 3165 etiarn,
613 3079 705 3188 quod
739 3076 910 3150 Lutherus
941 3075 1011 3150 fuit
1035 3082 1284 3181 subodoratus,

60 3180 109 3254 ad
127 3177 281 3250 decimas
297 3175 334 3248 in
352 3175 540 3249 Germania
557 3174 780 3268 colligendas,
807 3172 936 3246 addunt
950 3174 1029 3282 alii,
1044 3178 1085 3251 ad
1104 3181 1287 3280 Principes

65 3294 199 3350 contra
223 3272 357 3346 Turcar
378 3272 569 3344 armandos.
616 3272 762 3343 Pedibus
785 3268 854 3341 iter
878 3268 1060 3362 suscipiens
1076 3275 1290 3375 Augustam,

64 3369 130 3446 ubi
154 3365 301 3443 comitia
324 3388 421 3441 erant
444 3366 622 3455 habenda,
656 3385 694 3437 et
718 3365 792 3461 ipse
815 3386 934 3438 coram
959 3367 1130 3443 Cardinali
1156 3373 1290 3450 sistere·

65 3487 151 3556 tur,
190 3459 340 3537 divertit
362 3463 404 3536 ad
430 3462 737 3551 Carmelitas,.nec
764 3482 966 3556 comparere
984 3466 1115 3555 voluit,
1142 3469 1204 3543 nisi
1222 3471 1287 3545 sal·

63 3557 317 3637 vmconduiiu
365 3558 519 3631 munitus
557 3559 600 3630 ab
641 3559 865 3651 inperatore,
912 3555 1097 3633 amicorum
1141 3564 1289 3641 consilio

62 3676 211 3744 motus,
248 3656 371 3748 absque
397 3677 465 3748 quo
492 3652 630 3740 suisset,
655 3674 828 3724 carcerem
855 3674 928 3725 non
955 3654 1151 3749 effugissem
1183 3683 1291 3754 cum,¹

63 3753 164 3854 qnod
185 3751 380 3834 nesciebat,
407 3751 541 3822 Rornae
554 3750 624 3843 jam
645 3745 731 3821 esset
746 3748 951 3835 damnatus,
980 3771 1017 3823 et
1040 3751 1183 3829 fulmina
1203 3781 1292 3855 quo*

63 3873 138 3949 qne
168 3865 298 3921 contra
321 3847 396 3941 ejus
419 3844 592 3933 lautores,
624 3866 778 3940 excepto
802 3846 1028 3937 inperatore,
1058 3849 1129 3942 jam
1159 3863 1294 3947 parata.¹

62 3951 257 4041 Inpetrato
287 3939 596 4028 salvotondudiu,
635 3942 861 4035 nequicquam
892 3940 1069 4016 renitente
1099 3948 1294 4034 Cardinali,

61 4045 139 4119 sese
155 4062 280 4115 corarn
298 4062 343 4110 eo
358 4034 457 4111 stitit.
491 4036 604 4134 Quam
625 4026 793 4109 animosus
811 4033 938 4122 suerit,
957 4058 994 4109 et
1011 4038 1137 4114 fiducia
1155 4046 1292 4137 plenus,

60 4163 146 4219 crim
187 4131 383 4229 Augustam
410 4133 593 4228 tenderet,
619 4152 655 4206 et
680 4133 732 4209 ibi
758 4133 992 4233 versaretur,
1008 4138 1192 4221 nonnullae
1216 4138 1297 4230 eju«

108 4233 200 4311 Tora.
228 4229 315 4310 Vir.
658 4232 688 4308 B
1112 4228 1302 4332 epistolae,
1390 4206 1430 4525 1
