3128 4438
568 139 817 271 ..sturm
860 199 909 296 j'-
1239 219 1316 298 ης

81 363 203 466 judicii
228 365 343 444 forma
367 364 600 444 vehementer
631 368 692 445 uni
715 366 971 479 syndicorunr,
1011 367 1202 452 Francisco
1228 379 1308 460 Hu-

79 465 205 574 goui,
227 463 421 562 displicuit,
452 484 488 539 et
513 465 632 544 causae
653 465 861 544 Pouusiciae
890 466 980 542 haud
1013 489 1133 559 parum
1158 477 1303 556 nocuit:
1436 562 1439 570 ,

86 561 296 658 unitatique
321 558 465 656 egressis,
494 560 529 634 in
564 583 685 656 agrum
720 561 901 652 vicinum,
943 559 1149 648 multisunt
1175 572 1304 667 resisti,

80 657 143 751 qui
167 657 223 730 ves
246 657 441 732 iubiberant
461 657 664 745 veritatem,
689 659 746 732 ves
769 677 938 736 novarum
953 678 1069 732 rerum
1086 658 1200 740 studio
1217 669 1304 744 duo·

85 754 131 839 ti,
155 752 190 824 se
212 750 255 826 iis
275 751 518 846 adjunxerant,
552 773 669 828 cetera
695 752 792 827 vitae
814 753 932 828 minus
962 753 1127 833 honestae
1150 779 1188 834 et
1209 764 1300 860 piae.

126 846 158 944 s.
185 849 380 922 CCXXssl.
422 845 561 923 Tertium
587 849 754 945 gradum,
795 848 853 922 feu
884 847 1014 924 stabilis
1045 850 1302 936 reformationis
1377 845 1382 902 ¹

79 945 291 1038 primordia,
323 941 437 1038 posuit
461 945 620 1018 Antonius
644 945 870 1035 Fruuntur,
891 941 1010 1037 fatale
1037 953 1205 1044 euangelio
1229 953 1300 1052 dif-

78 1039 242 1128 fundendo
265 1058 374 1114 numera
397 1036 506 1112 difius
537 1040 767 1136 spanhemio,
806 1039 849 1114 ad
874 1039 1157 1138 Habessynorum
1180 1050 1297 1146 Apus·
1402 1049 1404 1054 ’

85 1141 192 1210 tolum
215 1138 281 1210 sec.
300 1137 368 1212 sV.
391 1131 611 1227 respicienti,
637 1135 831 1233 Delphines
849 1159 1012 1232 quoque,
1036 1155 1072 1209 et
1099 1141 1219 1218 Fareili
1234 1145 1299 1222 dis·

80 1233 223 1326 cipum.
275 1229 365 1330 Qui,
394 1229 531 1324 abipso
554 1230 746 1322 excitatur,
770 1221 806 1302 se
831 1231 1013 1306 Genevarn
1039 1239 1213 1330 contulit,
1238 1261 1295 1335 et,

77 1329 141 1414 ¹,sub
162 1323 406 1422 sudi-magistri
439 1327 604 1421 persona,
642 1344 748 1402 artem
781 1324 918 1421 legendi
950 1347 988 1400 et
1013 1328 1188 1408 scribendi
1214 1359 1296 1432 pro·

85 1425 204 1513 feffna,
237 1427 424 1498 veritatem
449 1424 686 1516 euangelicam
711 1419 914 1512 instillavit,
954 1424 1030 1512 sed,
1065 1448 1212 1504 numero
1236 1453 1299 1510 eo·

78 1542 173 1610 rum,
200 1519 258 1615 qui
283 1519 440 1592 ueritatis
457 1517 577 1614 cupidi
601 1537 719 1608 erant,
745 1517 859 1592 indies
884 1518 1078 1612 crescente,
1110 1541 1145 1600 er
1171 1527 1295 1606 raven·

79 1637 118 1690 ‚te
141 1613 392 1709 christophoro
423 1614 618 1710 bosqueto,
644 1613 892 1703 Franciscano,
927 1617 1067 1710 publice
1094 1622 1216 1716 coepit
1249 1629 1288 1703 in

79 1714 156 1788 aula
179 1710 410 1798 concionari,
437 1731 556 1782 coram
584 1710 728 1805 ingente
754 1708 992 1816 multitudine,
1016 1711 1231 1792 auditoribus
1252 1743 1298 1800 ex

81 1811 164 1896 aede
189 1804 490 1881 franciscanorum
515 1805 559 1878 ad
584 1805 675 1878 hanc
698 1802 826 1889 aulam,
850 1822 885 1873 es
909 1823 1081 1886 vicinam,
1108 1827 1186 1884 tuto
1211 1834 1297 1890 eun.

84 1889 191 1992 tibur,
216 1923 254 1976 et
284 1902 512 1997 nequicquam
541 1899 759 1997 tingentibus
790 1893 995 1972 sacrificulis.
1045 1899 1123 1995 Qua
1155 1906 1295 1988 ratione
1369 1948 1381 1963 ..

85 2001 178 2074 multi
206 2019 332 2092 magno
357 2018 502 2072 numero
524 1997 565 2068 ad
589 1994 786 2070 sessionem
803 1994 1001 2088 Scriptutae
1022 1994 1081 2086 S.,
1106 2021 1148 2076 ac
1172 2019 1293 2086 mutua

84 2097 270 2193 colloquia,
308 2087 475 2180 excitati,
517 2089 659 2165 veritati
693 2090 915 2186 euangelicae
945 2111 1063 2166 uranus
1102 2095 1290 2180 dederunt.

87 2191 191 2286 Quem
225 2185 436 2285 progressum
469 2185 599 2260 invidis
631 2185 739 2261 oculis
767 2185 1214 2285 contemplatisacrisitusi,
1247 2197 1295 2273 ti·

88 2291 192 2372 dituse
215 2279 496 2370 disseminarunt,
521 2285 683 2356 ductores
705 2283 783 2356 illos
807 2282 1028 2390 euangelicos
1047 2285 1116 2360 esse
1131 2287 1292 2385 fascina.

88 2399 181 2475 turer,
201 2381 261 2479 qui
282 2378 421 2475 magicis
444 2379 736 2452 incantationibus
760 2374 938 2450 hominurn
963 2397 1095 2453 anrmor
1111 2383 1294 2462 dementa-

82 2457 168 2554 'rent
217 2477 295 2575 Qua
319 2476 484 2571 opinione
510 2471 652 2546 honesta
683 2469 891 2562 admodum,
923 2469 981 2546 fed
1009 2472 1292 2570 superstitiosissi-

91 2595 152 2664 ua,
174 2593 351 2660 matrona,
375 2569 517 2644 nornine
542 2567 731 2658 Glandina,
755 2569 895 2656 inbuta,
918 2567 959 2642 ad
975 2569 1213 2651 Frumentium
1229 2601 1293 2656 au·

91 2671 261 2760 diendtsns,
283 2667 379 2764 quud
397 2664 456 2738 diu
472 2685 540 2736 non
556 2662 668 2738 fuerat
682 2663 779 2754 ausa,
805 2662 967 2753 tandem,
990 2667 1111 2742 mustis
1125 2675 1290 2757 enuntietis

92 2765 314 2859 superstitiosis
338 2781 461 2834 contra
484 2759 726 2856 fascinationes
746 2758 902 2845 munita,
929 2759 1087 2838 accessit:
1119 2767 1176 2842 sed
1201 2771 1291 2848 adeo

91 2863 167 2938 rasta
191 2863 263 2951 est,
296 2878 335 2931 ut
361 2880 381 2929 e
403 2855 577 2931 concione
606 2855 641 2929 se
673 2857 716 2930 sd
746 2854 846 2944 Novi
874 2851 973 2930 Test.
999 2857 1183 2942 sessionem
1208 2888 1288 2942 ver.

91 2961 180 3049 terit,
202 2980 239 3031 et
263 2961 370 3028 trium
387 2953 522 3028 dierum
539 2951 652 3048 spatio
670 2951 859 3046 plenissime
877 2952 1043 3027 conversa
1062 2953 1114 3030 stt.
1165 2960 1293 3042 Postea

91 3073 189 3129 tamen
219 3045 456 3143 Anabaptissir
484 3045 519 3121 se
541 3047 750 3137 adsociavit,
781 3047 838 3120 sed
863 3062 899 3117 et
922 3045 1075 3144 resipuit.
1124 3053 1290 3148 Interea,

89 3171 156 3224 turn
186 3151 296 3246 magis
321 3143 496 3240 magisque
526 3141 754 3219 invalesceret
777 3139 1008 3234 reformatio,
1033 3145 1090 3236 fed
1115 3170 1183 3239 unp
1206 3173 1289 3230 cuns

89 3250 206 3322 civium
231 3241 535 3339 disputationibus,
566 3239 720 3329 accidit,
754 3258 794 3314 ut
816 3261 860 3312 ex
885 3241 1152 3318 concertatione
1175 3249 1292 3344 civis,

89 3339 333 3428 resacrificusi,
360 3337 466 3432 suerit
489 3337 559 3409 rixa
583 3354 678 3423 orta,
704 3357 790 3431 quae
805 3333 957 3430 eousque
970 3339 1156 3431 processit,
1184 3365 1293 3434 ut,·a

90 3437 268 3514 Catholicis
296 3435 432 3510 csaffico
457 3433 499 3506 ad
528 3431 757 3524 Magdalcnae
788 3429 942 3528 pulsatu,
972 3434 1074 3510 cives
1103 3459 1290 3518 concurre-

88 3537 166 3624 rint,
190 3556 227 3608 et
251 3534 292 3608 ad
317 3553 410 3604 arma
434 3527 664 3625 provolariut.
713 3526 785 3640 Qui
809 3545 988 3636 morona
1013 3532 1143 3607 Senatu
1159 3535 1297 3629 sedati,

88 3631 289 3713 massonem
320 3622 430 3702 seueri
455 3621 624 3726 dederunt
645 3621 866 3728 adsim-quo
882 3641 1026 3726 queunt„
1044 3623 1300 3726 sunt-cpqqq’p.

94 3719 364 3827 „uptus
592 3711 715 3793 ·1²f
1064 3703 1073 3742 ²
1232 3708 1317 3826 nef,

1502 3619 1559 3649 „A
