3170 4430
271 215 345 308 520
661 195 809 302 fflsturia
830 199 957 304 Ercirs.
984 199 1099 303 Cirrifl.

273 387 433 469 Laelium
459 379 664 462 sententiam
684 379 729 458 de
744 384 871 480 origine
888 381 1009 484 Christi
1024 382 1143 462 rnultir
1158 383 1321 484 precibus
1343 381 1485 462 toris·

276 509 317 564 to
339 478 546 582 inpetraffe,
571 498 609 554 et
640 479 747 555 muira
771 489 857 572 ana,
881 493 1019 578 prorius
1040 499 1125 558 tunc
1147 485 1351 583 incognita,
1382 483 1487 558 aun
1553 475 1554 488 ’

273 581 337 680 ipsr
362 579 432 654 effe
454 575 638 678 patefacit.
687 577 756 650 Sed
780 577 968 652 secuudum
992 578 1241 656 Lubienicium
1268 583 1290 658 Ι.
1316 580 1409 670 cit,
1439 575 1489 672 qui

274 677 359 760 iilud
384 697 429 750 ex
454 669 714 750 commentariis
738 673 846 750 MSS.
870 673 1051 768 Budzinii,
1076 699 1118 749 ac
1146 675 1250 773 ipfiut
1271 675 1390 749 Laelii
1411 673 1491 746 virae

275 770 469 860 curricuio,
498 768 532 844 se
559 771 688 846 habere
715 769 878 856 testatur,
903 771 1015 864 plures
1049 771 1147 863 Itali,
1181 772 1274 846 inter
1309 793 1406 870 quot
1427 769 1491 864 ipse

273 869 430 954 laelius,
455 889 599 964 operam
623 867 660 940 in
685 889 771 962 agro
799 867 963 954 Veneto,
987 867 1128 962 aliisque
1146 869 1305 959 urbibus,
1329 891 1363 940 a.
1391 871 1491 956 154⁶·

273 965 448 1040 dederunt
471 961 617 1036 veritati
644 962 879 1056 indagandae,
905 983 1019 1060 eoque
1041 964 1113 1038 fine
1139 966 1312 1061 colioqura
1329 981 1372 1036 et
1390 963 1490 1034 cone·

272 1061 331 1160 gia
356 1059 609 1144 instituerunt,
631 1074 953 1156 pertractaruntque
986 1062 1170 1155 praecipua
1207 1059 1290 1136 fidei
1318 1054 1496 1140 ,Christo

274 1179 341 1239 nae
365 1155 500 1253 capita,
524 1157 651 1226 unicum
679 1152 813 1227 scilicet
831 1153 899 1228 esse
917 1155 1027 1228 Deum
1045 1155 1265 1246 aitiffimuur,
1289 1157 1488 1230 Creatorem

275 1274 315 1330 et
339 1250 626 1330 conservatorem
654 1249 831 1338 omnium,
865 1269 901 1322 et
929 1250 1052 1326 Fiiruru
1079 1254 1153 1348 ejus
1176 1249 1403 1349 unigenitum
1425 1246 1486 1322 effe

275 1348 394 1448 Jesum
423 1349 668 1431 Nazarenum,
696 1345 872 1416 hominem
898 1367 1041 1436 verum,
1065 1367 1098 1420 at
1117 1371 1188 1422 uon
1206 1347 1418 1442 fimpiicem,
1440 1361 1485 1415 ut·

271 1441 379 1542 pore,
411 1441 541 1514 virtute
567 1437 713 1536 spiritur
734 1440 792 1526 S.,
829 1445 865 1513 in
891 1440 982 1516 casta
1016 1449 1154 1540 virgine
1183 1449 1364 1542 genitum:
1400 1441 1483 1517 nuuc

271 1565 290 1612 n
310 1539 389 1614 Deo
408 1538 565 1609 Patribus
584 1533 808 1630 promissurn,
833 1553 995 1632 tempore
1014 1541 1163 1614 definito
1181 1539 1340 1630 miffum,
1363 1533 1482 1636 myste-

268 1633 363 1710 rium
390 1633 564 1728 euangelii
596 1631 746 1706 salutaris
772 1631 974 1705 horninibus
998 1635 1233 1726 adnunciasse,
1268 1637 1363 1710 viarn
1395 1630 1479 1708 vitat

269 1750 458 1820 aeternae,
491 1751 562 1804 non
596 1725 807 1824 induigendo
838 1729 954 1818 carni,
990 1733 1045 1803 sed
1080 1732 1138 1826 pie
1180 1733 1338 1804 vivendo
1372 1725 1476 1804 cons·

271 1827 431 2001 fiueudae
452 1823 672 1914 monstrasse,
699 1847 743 1900 ex
767 1846 907 1924 paterna
934 1828 1114 1900 voluntate
1138 1829 1244 1900 viram
1267 1827 1434 1923 parandae
1447 1837 1476 1892 et

290 1925 481 2002 anciendae
514 1943 737 2018 peccaterum
771 1923 955 1994 runnissioni
988 1922 1200 2016 inpendiiie,
1234 1928 1277 1996 ab
1312 1947 1357 1996 eo
1383 1917 1477 1993 refus-

270 2021 418 2094 citatum
451 2037 488 2088 et
520 2019 706 2089 erutarum
744 2015 836 2095 ossea
871 2017 1054 2090 credentes
1087 2016 1122 2092 in
1156 2019 1352 2107 Christum,
1385 2017 1473 2110 eique

269 2111 485 2208 morigeror,
515 2107 696 2203 ju‘iificari
722 2128 739 2178 a
768 2109 847 2180 Deo
873 2146 928 2164 -
950 2145 1002 2165 ·-
1034 2113 1126 2186 huuc
1153 2117 1258 2188 solum
1285 2115 1405 2211 populi
1426 2103 1474 2183 srbi

269 2205 418 2306 subjecti
444 2203 514 2278 effe
540 2225 643 2300 caput
670 2224 706 2276 et
733 2205 940 2292 Dominum,
966 2208 1061 2282 hunc
1084 2212 1239 2283 omniurn
1264 2213 1422 2284 vivorum
1443 2219 1472 2274 et

270 2323 489 2383 mortuorum
525 2295 754 2374 coustitutum
798 2303 981 2396 Judicem,
1027 2303 1062 2376 in
1100 2305 1223 2379 alvino
1264 2305 1320 2378 die
1353 2307 1394 2380 ad
1420 2315 1471 2375 not

269 2418 481 2477 venturum:
506 2393 639 2470 interea
654 2419 798 2491 r.·gnum
819 2398 912 2470 nflre
929 2417 1096 2472 annorum
1118 2423 1417 2498 recuperaturum,
1439 2407 1469 2464 et

271 2495 524 2579 obtenturum,
548 2491 589 2564 ad
613 2491 770 2564 uitirnurn
800 2492 877 2564 Deo
903 2493 992 2586 Patri
1021 2486 1468 2588 rognumtra.iiturum‚e1'·

270 2615 341 2690 que
377 2585 563 2685 subjetiurn
588 2586 653 2672 iri,
687 2607 725 2660 ut
754 2587 849 2662 Deus
876 2585 916 2660 fit
950 2593 1067 2662 onnia
1096 2591 1133 2666 in
1163 2595 1334 2668 omnibus.
1383 2591 1466 2665 cete·

267 2709 344 2762 tum
365 2685 546 2780 dogmata,
572 2687 680 2778 vuigo
698 2701 862 2778 recepta,
889 2685 933 2756 de
953 2685 1152 2777 i'rrnirate,
1178 2691 1223 2762 de
1242 2689 1378 2764 Chrisso
1393 2679 1467 2762 Dei·

269 2782 331 2878 qui
358 2779 401 2855 srr
424 2778 496 2876 ipse
523 2779 619 2854 Deus
641 2801 798 2863 crearor,
825 2778 917 2851 idem
947 2780 1040 2854 Deus
1065 2783 1123 2874 qui
1153 2787 1272 2872 Pater,
1299 2789 1338 2862 de
1353 2777 1473 2880 Spiritu

269 2881 305 2955 S.
331 2875 424 2964 Dei,
450 2876 510 2976 qui
538 2877 634 2952 Deus
657 2874 790 2972 pariter
813 2874 874 2962 sn,
899 2873 942 2962 de
966 2877 1211 2972 justificatione
1237 2884 1290 2954 vei
1315 2904 1371 2975 per
1392 2893 1464 2966 ope·

268 3000 307 3052 ra
328 2971 528 3064 meritoria,
555 2973 613 3046 vei
641 2969 831 3069 perfidem
860 2971 980 3046 solam.
1008 2977 1170 3048 meritum
1197 2979 1321 3052 Christi
1342 2971 1394 3045 fibi
1408 2963 1457 3036 ad·

267 3072 484 3169 plicantero,
520 3067 653 3164 aliaque
679 3069 734 3143 hir
766 3067 906 3154 snniiia,
941 3065 1217 3166 eneopinionn
1244 3097 1304 3170 per
1328 3059 1455 3145 Pnirosu
1552 3107 1554 3160 4

266 3169 359 3265 phos
386 3163 540 3238 Graecos
571 3161 799 3240 introduttas.
851 3163 928 3263 Qua
955 3165 1127 3253 parefaua
1165 3167 1350 3260 societate,
1370 3150 1460 3260 ‚grani
1553 3171 1554 3244 ἶ

296 3259 515 3334 erseeutione
542 3258 615 3330 sunt
637 3257 776 3346 obruti,
800 3274 859 3344 et,
883 3258 1080 3353 quibusdam
1107 3262 1232 3358 capitis
1250 3259 1404 3360 supplicio
1417 3250 1462 3330 ad·

266 3285 388 3440 festir,
419 3351 556 3448 disperfi
583 3353 719 3427 suntin
745 3355 853 3427 varias
877 3378 973 3444 urar,
1001 3359 1154 3432 nonnulii
1180 3361 1282 3435 etiam
1308 3361 1339 3434 in
1359 3359 1391 3431 T
1394 3347 1463 3428 urci·
1553 3419 1554 3428 ,

267 3479 348 3545 ana,
380 3450 471 3526 inter
499 3471 585 3545 quos
621 3447 688 3522 fuit
720 3450 942 3538 Leonardus,
969 3451 1084 3527 Abbas
1112 3455 1255 3544 Busaiiu,
1291 3456 1349 3554 qui
1375 3451 1463 3528 vinu
1553 3443 1554 3455 ’

268 3571 342 3631 arte
368 3547 588 3624 sarcinatoria
614 3545 770 3620 Damasci
798 3545 1017 3640 sustentavit,
1043 3572 1079 3624 er
1103 3549 1203 3629 finiit.
1251 3553 1373 3628 Siurne
1396 3550 1464 3622 haec

267 3647 388 3730 omnia
416 3667 520 3738 vera,
544 3641 715 3742 praestare
739 3665 810 3718 nou
841 3643 1001 3746 possam:
1034 3647 1079 3720 de
1105 3669 1181 3745 quo,
1201 3651 1309 3748 supra.
1316 3650 1392 3747 jaro
1407 3659 1468 3750 mq-

286 3774 293 3790 ·
864 3782 871 3797 ·
1411 3754 1465 3814 nur.
