3148 4434
546 181 662 267 'Strui
685 177 787 262 XVI.
875 201 880 208 '
1207 187 1283 290 ’μ’

108 373 237 455 tionem
270 370 381 465 fana,
415 365 507 448 leilu
538 367 630 467 apud
669 363 858 440 Thoanurn
889 357 1023 464 digna,
1048 359 1104 440 'cst
1143 363 1280 448 summo

65 476 175 552 ludio
197 473 408 550 resuscitata.
450 473 571 546 Annas
598 469 771 558 Burgaeus
795 485 866 536 non
883 480 1019 538 tantum
1033 467 1077 538 ab
1095 463 1279 566 Episcopo

67 572 228 664 l'artsrno,
263 571 321 646 cui
354 571 436 642 Rex
471 570 563 641 hanc
593 563 749 650 causam,
780 577 902 634 contra
933 559 1104 633 Senatorii
1134 563 1280 642 Ordinir
1406 601 1412 609 ·

69 671 270 766 privilegia,
303 666 525 741 commiserat
552 661 741 757 agendam,
775 654 959 730 haereseos
990 655 1041 730 est
1065 659 1277 736 condemna-

71 785 142 855 tur,
165 765 219 840 sed
244 786 285 840 et
307 787 398 837 nova
421 759 534 858 Regia
556 757 720 848 rescripta
734 753 776 827 td
801 751 910 826 uotiua
933 749 1050 849 Regni
1065 753 1281 834 rasamenta

70 865 161 938 milla
188 867 287 952 lunt,
326 881 367 933 ut
400 881 499 953 quam
530 853 740 928 sevenffime
771 857 938 945 urgerent
972 849 1280 945 persecutionem,
1356 885 1359 890 ·

68 958 190 1056 alioqui
221 960 269 1032 de
302 956 383 1054 ipsit
415 951 610 1028 sumendam
641 943 712 1022 elle
735 967 910 1040 poenam..
945 943 1027 1043 Quo
1050 946 1088 1020 in
1113 947 1280 1026 difficilli-

68 1079 142 1145 mo,
170 1076 207 1128 et
238 1055 317 1130 sere
348 1048 631 1146 desperabundo,
656 1043 743 1117 statu
768 1043 867 1114 Deua
894 1038 1052 1136 lingulati
1085 1041 1279 1122 interceliit

67 1153 206 1248 juditio.
266 1148 442 1224 Convivia
480 1144 604 1218 festiva
634 1163 713 1214 cum
748 1136 909 1211 Lutetiae
940 1159 1147 1232 agerentur,
1179 1145 1279 1216 causa

72 1246 365 1324 matrimoniorum
399 1246 490 1317 inter
525 1243 642 1336 Reges
667 1232 826 1322 hostiles,
850 1230 1041 1326 Hispaniae
1065 1257 1102 1308 et
1127 1236 1279 1328 Galliae,

72 1369 158 1422 nunc
181 1345 452 1426 reconciliatos,
478 1339 578 1424 Rex,
602 1333 659 1424 qul
683 1330 831 1427 equellri
855 1330 1045 1402 certamine
1078 1332 1115 1405 in
1152 1334 1282 1430 hippo.

70 1446 185 1518 dromo
222 1441 338 1514 voluit
368 1459 448 1510 cum
484 1433 621 1506 Comite
655 1427 910 1523 Bongomerio‚
943 1425 1124 1503 custodiae
1148 1427 1282 1525 Regiae

74 1536 270 1626 Praefecto,
306 1533 432 1606 eodem
457 1529 532 1619 illo,
565 1527 624 1625 qui
647 1527 836 1618 Burgaeurn
861 1524 898 1596 in
924 1546 1100 1598 carcerem
1128 1527 1283 1602 deduce·

74 1657 139 1722 tat,
164 1638 373 1716 decurrere,
398 1631 440 1702 ab
466 1650 509 1698 eo
533 1621 707 1700 lethaliter
731 1621 929 1692 vulneratus
953 1618 1024 1706 est,
1048 1618 1193 1697 frustulo
1216 1645 1280 1718 per

73 1729 223 1808 callidem
250 1732 290 1802 in
315 1725 451 1798 oculum
476 1719 649 1818 ingresso,
676 1714 767 1788 unde
792 1715 917 1785 multos
935 1713 1029 1784 inter
1041 1711 1181 1788 dolores
1198 1741 1283 1793 mox

76 1851 213 1902 animam
239 1822 387 1898 efflavit.
445 1816 577 1892 Dixillc
602 1816 732 1894 fertur,
757 1808 798 1904 se
824 1810 926 1881 uereri
950 1829 989 1878 nr
1013 1811 1048 1878 irr
1074 1833 1125 1881 ror
1147 1815 1285 1884 Senato-

78 1950 123 2000 rtr
155 1927 228 2018 quid
260 1911 614 2014 iniqui-commiſsffir,
649 1927 686 1982 ut
722 1906 891 1978 Thoanut
921 1902 1048 1992 refert,
1082 1904 1138 1979 sed
1166 1907 1285 2000 addit,

73 2025 107 2121 je
130 2045 187 2094 nnn
210 2017 411 2113 adfirmare,
436 2037 542 2086 aarum
564 2007 625 2098 fir.
650 2027 709 2078 nec
725 2003 790 2076 nr?
816 2003 1025 2076 Mezeraeur
1050 2021 1135 2074 vero
1158 2004 1285 2094 tradit,

81 2141 188 2212 regem
217 2115 378 2210 loquelae
409 2127 447 2179 er
477 2104 622 2180 rationis
654 2105 697 2174 ab
732 2123 777 2172 co
806 2101 885 2172 casu
910 2119 981 2169 non
1014 2097 1115 2172 soille
1138 2119 1287 2198 compo.

81 2235 163 2302 tem,
196 2231 233 2284 et
269 2203 472 2292 concludit,
507 2205 589 2276 inde
623 2195 695 2271 falsi
727 2192 909 2281 convinci,
942 2189 1111 2292 quicquid
1142 2201 1185 2270 ab
1210 2199 1288 2294 ipsu

85 2309 204 2382 ditium
237 2323 406 2384 narratur.
459 2300 561 2374 lldeo
592 2317 679 2369 vcro
703 2291 739 2364 in
766 2313 826 2362 eos
850 2289 1021 2362 exarserat
1045 2290 1168 2366 infelix
1197 2283 1321 2366 mor·'
1428 2288 1445 2366 ‘.

85 2409 168 2492 ulis,
194 2422 230 2476 ut
267 2397 496 2474 minabundus
519 2390 669 2478 dixerit,
692 2387 727 2479 fr
743 2385 818 2484 suis
840 2385 938 2458 oculis
963 2386 1149 2480 Burgaeum
1164 2413 1289 2464 crema·

84 2507 110 2576 fs
131 2501 398 2596 conspicatorum.
451 2493 519 2564 Sed
554 2511 621 2562 nec
645 2485 797 2577 inopino
829 2504 871 2555 ac
902 2479 1057 2556 ludluolo
1084 2485 1155 2556 hoc
1181 2482 1292 2580 Regia

85 2600 151 2670 car„
175 2600 280 2672 finita
305 2589 356 2664 esl
380 2586 598 2686 persecutio,
628 2601 688 2654 aut
713 2581 884 2673 Burgaeur
910 2596 1067 2673 ereptor,
1095 2579 1226 2678 quippe
1250 2583 1293 2657 alr

85 2693 254 2788 Episcopo
274 2692 345 2786 jhu
370 2690 571 2768 damnatum
595 2677 797 2752 adversariis
821 2673 966 2746 nimium
992 2673 1179 2766 inportune
1208 2695 1293 2752 eac'·

86 2793 258 2864 (udonem
294 2783 507 2880 urgentibus.
556 2777 740 2850 Revocata
774 2773 892 2866 iraque
924 2768 1157 2858 conlellione,
1192 2774 1298 2848 nimir

91 2887 259 2984 ambigua,
292 2905 393 2980 quam
426 2879 620 2951 amicorum
645 2867 760 2953 suasu,
794 2884 832 2976 ut
859 2865 1083 2976 liberaretur,
1115 2870 1293 2958 ediderat,

90 3004 124 3053 er
149 2987 207 3056 alia
242 2977 383 3076 copiosa
406 2997 446 3048 ac
472 2975 562 3046 clara
587 2964 725 3050 emilia,
749 2965 842 3058 ignia
863 2961 1032 3057 judicium
1057 2962 1116 3060 pie
1144 2987 1180 3038 et
1209 2985 1296 3041 corr·-

93 3077 207 3152 stanter
241 3101 270 3150 a·
308 3093 413 3162 1559·
447 3062 611 3142 sustinuit.
659 3059 734 3160 Ipse
763 3059 798 3150 se
830 3055 915 3153 reste
946 3059 1057 3146 eruit,
1090 3066 1196 3134 verba
1220 3065 1298 3138 sunt

92 3173 224 3248 fs'nuani
257 3174 277 3244 l.
311 3169 466 3254 XXlll.,
497 3182 528 3237 er
563 3185 633 3234 cum
665 3165 699 3232 t'rr
734 3159 835 3230 altum
868 3155 1093 3240 attolleretur,
1127 3158 1299 3254 aliquotiet
1342 3174 1344 3178 ’

98 3273 215 3344 auditus
242 3266 288 3362 efl
306 3268 384 3340 lrart
401 3265 500 3337 rerba
516 3260 755 3356 pronuntians,
779 3252 872 3325 Deus
888 3254 935 3322 mi
954 3273 993 3325 nr
1009 3275 1059 3326 me
1073 3254 1297 3353 derelinquor,

99 3389 131 3435 rte
152 3393 204 3463 ega
230 3384 264 3439 rr
290 3364 515 3456 derelinquam.
563 3351 702 3462 Relidla
725 3369 842 3425 autern
866 3345 929 3442 ipli
952 3347 1091 3444 lingua,
1114 3375 1201 3444 quae
1220 3358 1302 3430 alian

95 3461 413 3552 praeclarissimae,
446 3457 506 3530 sub
530 3451 756 3546 conditione,
790 3469 834 3519 ne
858 3445 939 3542 quid
963 3443 1004 3520 ad
1029 3449 1194 3541 populum
1220 3473 1303 3542 pro·

102 3555 213 3636 serrat.
248 3559 335 3631 nihil
367 3551 459 3628 aliud
485 3549 611 3624 effatur
642 3543 693 3617 est
716 3567 778 3630 ac,
804 3565 863 3616 aaa
887 3565 947 3637 rgo
970 3543 1022 3612 hic
1038 3541 1115 3634 sum
1140 3561 1177 3617 ut
1200 3547 1306 3631 larrd,

105 3667 154 3723 tur
174 3655 320 3734 imicidu
331 3709 344 3748 ,
358 3651 424 3752 Ι,[μί
439 3643 764 3814 Ιαηικηῌὲαπμὶὶὲ
786 3636 901 3738 causo.
953 3635 1087 3722 litosttir
1108 3641 1307 3812 wemhsac

95 3781 198 3826 r
653 3757 753 3814 eea
1046 3809 1058 3832 ,
1271 3749 1310 3814 ιι
