3098 4436
308 234 380 308 286
695 224 842 320 Historia
868 227 995 325 Eccles.
1022 231 1135 330 cnrlst.

311 401 528 478 tolerantiam
554 399 709 474 nondum
742 403 962 495 edodlorom,
1005 409 1117 505 culpa.
1168 413 1349 492 Petierunt
1376 419 1510 516 primum

237 560 240 568 .
312 498 449 588 abipso
473 495 761 582 uniformitatem,
787 501 889 589 dein,
923 525 1086 578 votorum
1111 531 1181 580 non
1204 512 1289 586 laeli
1315 537 1507 612 compotes,

311 598 348 670 in
375 591 563 668 Ecclesiam
590 591 680 686 ejus,
713 595 764 669 uti
790 599 898 669 solent
924 601 1084 690 Zelotae,
1112 623 1270 702 tauquam
1296 612 1508 698 libertinam,
1538 673 1539 696 ,

309 692 551 764 declamarent.
602 692 689 762 Cum
720 714 805 765 vero
827 693 936 768 inians
961 699 1003 769 ab
1028 696 1231 792 obstetrice,
1257 727 1354 779 more
1378 705 1510 801 Papisti·

216 771 224 787 ’
299 809 355 859 co
380 785 589 878 baptizatos,
625 785 768 880 abipso
800 787 915 861 denuo
949 814 1020 865 nou
1051 793 1328 890 finierimus,
1370 798 1539 900 mioiilsil

309 905 387 955 cum
414 906 459 955 eo
482 899 668 976 propterea
691 880 966 977 expostularunt,
990 886 1064 981 ipse
1089 890 1124 963 se
1139 897 1304 989 exemplo
1320 899 1511 996 Zipporae,
1538 907 1539 950 l

309 978 416 1050 lilium
442 975 739 1064 circumcidentis,
765 977 940 1054 defendit:
972 1005 1058 1056 unos
1080 985 1251 1080 pastorum
1275 993 1509 1092 ipfiregeffit,
1538 1019 1539 1068 t

307 1077 364 1148 laos
388 1072 434 1166 eli
459 1091 680 1165 argumentum
703 1073 922 1168 Popisllcum,
949 1077 1080 1170 Popilio
1098 1086 1200 1156 adduc
1216 1111 1251 1160 es
1265 1093 1385 1166 animo.
1434 1088 1508 1184 Quo
1538 1095 1539 1174 l

306 1173 496 1266 inportuno
520 1167 616 1242 diuo
633 1188 831 1244 commotus
848 1171 1090 1266 Duiflsuisms,
1117 1178 1252 1255 ulterior
1273 1206 1312 1258 ea
1329 1188 1373 1260 de
1397 1207 1436 1256 re
1450 1204 1506 1254 no·

306 1267 371 1340 luit
395 1263 563 1358 colloqui:
591 1261 646 1333 sed
673 1284 810 1358 rogatus
831 1289 951 1360 porr0,
977 1293 1058 1344 num
1085 1275 1204 1350 librum
1232 1279 1347 1355 Brzoe
1370 1283 1410 1354 dr
1433 1281 1504 1352 dor·
1538 1279 1539 1282 ’

305 1363 451 1433 reticidio
473 1383 534 1430 nnn
554 1355 705 1452 legiffcl?
730 1361 766 1430 in
791 1359 876 1434 haec
898 1367 1003 1440 verba
1021 1370 1157 1462 erupit,
1181 1374 1333 1450 haeccine
1348 1376 1381 1468 fi
1404 1376 1504 1474 vestm

297 1455 347 1549 st:
371 1477 474 1532 uscos,
499 1458 606 1524 unitata
629 1468 706 1522 tunc
731 1477 801 1526 rnen
826 1473 922 1529 estro
939 1460 1099 1553 confilium
1121 1467 1257 1558 nestrum
1275 1491 1425 1562 moneas,
1451 1490 1503 1542 nes
1538 1479 1539 1486 ’

303 1575 374 1624 cunt
399 1550 519 1620 talibas
541 1555 631 1642 cupio
664 1557 918 1630 commuttionem.
970 1559 1047 1654 Qua
1077 1561 1213 1638 satione
1246 1574 1363 1643 omnis
1384 1567 1501 1643 conci·
1538 1633 1539 1642 ,

302 1643 396 1720 liatio
416 1643 582 1732 evanuit,
614 1658 650 1714 et
676 1643 827 1720 Ecclefia
853 1647 930 1742 post
951 1650 1062 1748 iplism
1086 1658 1196 1731 adhuc
1226 1661 1420 1759 aliquandiu
1444 1662 1501 1734 du·
1538 1667 1539 1752 Ϊ

300 1742 412 1830 ravit3
438 1739 587 1835 ipsique,
612 1761 641 1812 a.
663 1746 767 1829 1581.
793 1743 980 1840 defuodlo,
997 1751 1150 1827 saccellis
1165 1755 1390 1838 Hotomanus
1405 1761 1500 1834 Eleo·
1538 1809 1539 1834 1

297 1836 392 1927 nius,
418 1837 660 1924 Harlinganus.
1259 1858 1264 1866 “
1538 1861 1539 1910 l

315 1932 378 2030 ·§.
404 1931 648 2007 CCLXXXV.
674 1931 835 2024 Johanne
850 1933 1031 2012 Austriaco
1048 1951 1209 2040 mortuo,
1234 1945 1272 2022 iu
1297 1951 1370 2043 ejus
1390 1955 1494 2027 locum
1538 1981 1539 2032 1

252 2105 256 2112 ,
298 2026 489 2122 aRegein
508 2025 662 2119 Belgium
681 2023 796 2098 miffus
812 2029 1007 2106 Alexander
1024 2037 1217 2132 Faruesrus,
1244 2046 1327 2119 Dux
1345 2051 1495 2122 Parmen-
1538 2071 1539 2136 l

296 2126 359 2210 sis,
401 2143 455 2192 res
480 2121 591 2213 Regis
624 2118 783 2211 collapsos
816 2122 962 2198 feliciter
993 2130 1215 2224 instauravit,
1254 2146 1399 2236 quavi,
1435 2161 1493 2240 qus
1538 2155 1539 2220 l

298 2214 486 2300 llanditiis,
512 2215 636 2286 multas
660 2214 821 2324 civitates
838 2219 930 2317 Regi
946 2223 1133 2308 reddendo.
1186 2233 1269 2333 Quo
1287 2235 1411 2314 sodium
1426 2237 1491 2328 est,
1538 2221 1539 2280 ³

293 2331 333 2385 ut
357 2308 504 2398 llrtesri,
538 2309 740 2398 Hannonis,
767 2312 902 2410 aliique
926 2323 1078 2394 nonnulli
1104 2326 1231 2403 Galliae
1264 2333 1416 2430 Belgicae
1437 2355 1493 2428 po·
1538 2379 1539 2418 2

294 2407 388 2506 puli,
413 2404 508 2479 fimul
530 2405 741 2488 exacerbati,
775 2414 865 2502 quod
894 2413 1018 2508 Belgae
1039 2417 1166 2515 aliqui,
1194 2425 1232 2499 in
1257 2429 1378 2523 primis
1402 2431 1488 2504 Gau·
1538 2451 1539 2510 ρ

293 2499 480 2588 dacenses,
511 2499 548 2573 in
570 2498 824 2576 Ecclefiasticos
855 2506 1056 2606 Pontificius
1084 2520 1293 2608 petulantius
1317 2527 1489 2622 grallaren·
1538 2519 1539 2576 l

296 2621 372 2688 tur,
397 2596 467 2670 ieie
495 2618 515 2666 a
540 2595 680 2691 reliquis
697 2594 809 2690 Belgis
825 2599 1039 2695 separarunt,
1064 2629 1103 2681 et
1127 2613 1168 2685 ad
1184 2617 1322 2691 Ducem
1341 2623 1487 2695 Parmeu·
1538 2607 1539 2634 ¹

295 2697 366 2768 scm
390 2693 594 2765 defecerunt
618 2715 648 2764 a.
678 2713 782 2795 1579.
835 2695 937 2768 Unde
968 2723 1045 2773 orta
1076 2702 1127 2777 est
1151 2711 1261 2806 Belgii
1287 2715 1424 2806 divisio,
1454 2715 1485 2786 iu

293 2790 468 2884 Hispano<
493 2807 529 2858 et
548 2787 765 2863 Foederatos.
797 2789 1006 2885 Provinciae
1021 2799 1110 2871 enim
1130 2810 1332 2898 nonnullae,
1358 2833 1394 2885 ut
1410 2809 1485 2884 Gel·
1538 2877 1539 2880 ,

291 2890 363 2960 riae
386 2899 422 2956 ct
449 2879 683 2973 Zutphaniae,
724 2884 932 2962 Hollandiae
955 2909 993 2962 et
1016 2893 1215 2990 zelandiae,
1257 2905 1430 3001 Ultrajelli
1456 2921 1488 2976 et
1526 2929 1528 2934 ¹

290 2978 493 3058 Omlaudiae
509 2976 673 3067 infime,
698 2997 737 3050 ut
755 2979 1016 3075 tempestatem,
1042 2988 1102 3063 irbi
1120 2993 1375 3094 inminentem,
1398 3021 1485 3074 aver·

219 3121 223 3128 ·
290 3095 425 3163 terent,
449 3071 597 3147 armore
620 3074 776 3161 vinculo,
802 3077 970 3170 prudente
986 3084 1170 3163 admodum
1188 3093 1348 3184 conlilio,
1374 3116 1407 3168 et
1420 3118 1482 3189 upr

289 3168 462 3263 Principis
486 3167 647 3257 Auriaci,
680 3168 749 3242 sese
773 3172 1026 3265 conjunxerunt
1053 3203 1115 3274 per
1139 3189 1424 3264 celebratillimam
1446 3191 1483 3262 il·

287 3265 352 3346 lam
376 3268 520 3338 unionem
550 3266 818 3360 Ultrnjtdlinrm,
843 3269 978 3363 aloco,
1003 3274 1061 3350 ubi
1085 3277 1169 3354 inita
1195 3281 1265 3373 est,
1292 3289 1340 3360 ita
1356 3286 1478 3361 diurn.

287 3363 394 3457 Cujus
425 3355 626 3455 praecipuae
650 3366 744 3455 leges
775 3357 921 3440 fuerunt.
976 3391 1007 3443 1.
1034 3372 1195 3452 Ditiones
1225 3400 1262 3452 et
1300 3382 1479 3457 Provincias

285 3457 477 3537 foederatas
508 3455 598 3528 nulla
630 3456 673 3528 de
705 3455 803 3527 causa
834 3459 905 3533 elie
932 3461 1140 3546 divellendae
1178 3495 1209 3548 a.
1235 3478 1312 3552 Sibi
1336 3481 1476 3555 invicem

283 3551 408 3657 quovis
438 3549 544 3623 modo
577 3570 700 3624 contra
732 3547 846 3624 hostes
883 3555 1051 3636 libertatis
1087 3566 1156 3641 else
1188 3573 1320 3646 auxilio
1352 3575 1476 3650 futuras.

191 3713 192 3718 a
284 3679 316 3752 3,
343 3654 559 3747 Supremam,
582 3645 658 3732 fore
690 3647 855 3732 Senatum
885 3675 932 3730 ex
954 3655 1207 3745 foederatarum
1230 3671 1477 3843 Proviqqciarum

1367 3787 1477 3870 eguus,
