3000 4800
132 617 153 696 s
512 612 659 717 Historia
680 607 810 712 Esaias.
835 611 956 716 dirisi.

138 797 216 884 leo,
240 790 375 888 uioipiaa
399 794 524 887 occido,
552 817 629 869 nora
652 819 786 885 reuoca,
821 795 964 891 adprobo
987 794 1140 891 reprobo,
1164 807 1203 868 ut
1223 795 1360 890 placue-

134 896 198 964 rit:
227 912 334 964 rorem
357 907 448 965 ruam
475 915 581 969 nocam
607 894 747 990 Cir-isli,
775 895 808 964 in
833 908 865 965 ra
888 886 1097 987 praefidentis
1124 905 1157 964 ot
1181 893 1361 987 loquentis,

135 986 330 1083 agnoscam,
369 984 397 1074 s
430 1007 558 1060 mortam
594 995 697 1063 rnorui
727 1003 859 1062 mortem
891 1009 952 1060 non
976 983 1139 1083 recusabo.
1188 985 1363 1062 Notanda

134 1084 276 1179 insuper
297 1081 348 1156 est
374 1082 519 1177 epistola
543 1085 617 1180 ejus
640 1086 681 1158 ad
707 1083 943 1180 Staupitium,
970 1082 1113 1183 Ordinis
1137 1082 1185 1157 sni
1211 1082 1355 1158 Vicari·

133 1198 218 1266 nm,
243 1174 296 1250 cui
322 1178 505 1254 traiiatum
523 1179 618 1254 illum
638 1201 776 1278 quoqne
799 1179 944 1268 obtulit,
969 1175 1100 1273 quippe
1126 1201 1191 1276 qua
1208 1175 1356 1273 distinc-

132 1292 173 1349 te
203 1274 377 1368 explicat,
412 1275 494 1370 quid
527 1276 561 1349 le
595 1276 637 1349 ad
664 1273 940 1379 oppositiones,
963 1273 1193 1385 indulgentiis
1224 1268 1356 1366 naas,

135 1370 308 1458 mouerit3
336 1390 451 1444 narrat
478 1372 629 1457 scilicet,
662 1373 696 1445 se
719 1373 850 1446 didlum
877 1370 1015 1466 aliquod
1040 1392 1116 1464 epus
1140 1369 1208 1446 alta
1232 1390 1357 1444 mente

134 1462 310 1563 repostum
337 1464 504 1559 tenuisse,
531 1471 759 1564 poeniteutiam
784 1491 895 1544 urrant
919 1489 979 1538 non
1002 1462 1081 1560 ese,
1124 1463 1187 1558 nist
1209 1462 1289 1562 quar
1310 1469 1356 1548 ai

134 1585 243 1637 amore
261 1562 414 1657 jusiitias
438 1581 469 1635 tr
492 1564 560 1638 Dei
582 1570 717 1661 incipit,
759 1562 794 1639 se
818 1584 932 1638 antem
966 1561 1049 1636 illud
1075 1584 1157 1638 curn,
1174 1564 1359 1662 Scriptura

137 1661 176 1737 S.
199 1657 407 1747 contulisse,
432 1680 469 1734 et
494 1685 615 1735 verum
641 1658 927 1759 deprehendille3
950 1678 987 1731 et
1010 1654 1093 1759 hinc
1115 1655 1245 1733 fanum
1261 1657 1357 1749 elle,

134 1775 183 1828 ut
208 1774 276 1826 non
309 1755 466 1850 potuerit
501 1780 571 1830 non
607 1757 849 1843 commoveri,
889 1776 968 1829 cum
1004 1753 1161 1845 audiret,
1197 1752 1360 1852 negleffl

136 1872 223 1923 uera
247 1850 490 1940 poenitentiae
512 1851 688 1942 dodirina,
722 1852 915 1926 vilissimam
935 1869 1069 1924 tantum
1095 1850 1170 1946 ejus
1219 1869 1356 1943 artem,

139 1944 200 2019 seu
215 1943 500 2039 sarissasiionern,
540 1966 576 2020 et
608 1947 788 2020 siliffimae
820 1948 923 2042 hujus
955 1945 1065 2041 partis
1097 1947 1185 2020 rem'
1227 1959 1357 2038 onem,

136 2040 201 2115 seu
225 2039 468 2135 indulgentias,
500 2062 567 2116 tarn
593 2042 776 2139 magnifice
799 2041 1015 2139 praedicari;
1056 2040 1211 2141 adeoque
1238 2039 1369 2118 secum

140 2133 309 2225 statuisse,
334 2157 452 2209 eornm
477 2135 587 2211 surori
610 2159 811 2227 occurrere,
837 2156 874 2211 ct
896 2138 1207 2233 dogmataeorum
1227 2135 1266 2211 iit
1290 2137 1356 2212 du·

135 2232 238 2309 -bium
260 2252 397 2307 vocare.
448 2234 503 2308 Ex
546 2257 612 2324 uo,
638 2233 874 2331 praeteralia,
899 2230 1147 2322 confirmatur,
1169 2225 1357 2307 nomene

137 2330 315 2415 rationes,
342 2352 431 2423 quae
457 2257 647 2404 Lutiiernrn
675 2327 883 2414 movissent,
922 2327 1160 2402 aPontificiis
1181 2324 1359 2429 icomedis

139 2437 202 2497 am
235 2421 407 2495 adduiias.
455 2425 643 2513 Ceterum,
667 2423 751 2496 licet
783 2425 820 2495 in
847 2424 903 2495 his
925 2419 1170 2516 resolutionibus
1195 2444 1357 2502 mentem

138 2518 186 2592 de
210 2537 290 2590 vera
321 2516 533 2610 poenitentia
563 2519 700 2614 semper
730 2517 895 2605 durante,
932 2517 977 2590 de
1008 2513 1298 2594 satisfadiionibns
1319 2518 1362 2594 et'

139 2610 384 2708 indulgentiis,
409 2613 454 2686 de
478 2612 651 2709 potestate
673 2616 805 2710 Papae,
828 2611 970 2710 aliisque
985 2612 1176 2710 capitibus,
1200 2614 1358 2690 dilucide

140 2709 256 2805 magis
285 2727 458 2805 exponat,
492 2706 703 2808 disputantia
738 2729 854 2782 tamen
888 2707 1069 2805 personam
1104 2709 1255 2801 retinet,
1287 2730 1358 2785 nee

141 2806 258 2900 Papae
290 2803 324 2877 se
357 2802 531 2902 opponit,
563 2808 677 2881 laudat
701 2805 819 2901 potius
845 2823 882 2876 et
905 2803 1047 2880 excusat
1070 2805 1250 2898 Leonem,
1285 2806 1360 2882 nec*

141 2899 247 2975 etiarn
271 2899 451 2996 Papalem,
478 2919 536 2976 aut
552 2893 829 2990 sacerdotalem,
847 2899 977 2994 respuit
992 2900 1245 2993 remissionem,
1270 2899 1361 2999 quin

142 3021 219 3070 earn
246 3019 311 3091 pro
336 2998 568 3072 declaratione
592 2997 797 3073 remiffionis
814 2997 970 3070 Diuinae
986 2997 1105 3071 habet.
1146 2999 1290 3072 Interea
1318 3019 1355 3074 rt

142 3110 270 3186 negat,
286 3113 391 3189 opera
409 3093 652 3187 poenitentiae
665 3119 728 3191 per
743 3091 973 3187 indulgentias
987 3091 1083 3188 posse
1101 3092 1257 3185 remitti,
1274 3096 1360 3169 cum

135 3186 210 3261 sint
232 3187 320 3281 juria
345 3189 490 3279 Divini,
517 3212 639 3263 contra
663 3189 758 3288 quod
783 3188 869 3262 nihil
892 3189 994 3285 poffit
1018 3189 1122 3284 Papa.
1150 3212 1184 3263 2.
1204 3189 1358 3286 degra-

143 3280 288 3356 villimis
310 3286 473 3359 oneribus
496 3285 670 3362 Ecclesiae
694 3283 870 3398 inpolitis,
895 3303 931 3357 et
953 3283 1245 3380 indulgentiarum
1271 3306 1359 3382 pro·

144 3376 298 3464 susiane,
316 3382 542 3478 conqueritur
569 3408 600 3479 3.
619 3378 833 3456 Christianos
847 3402 910 3474 per
924 3381 1032 3455 fidem
1049 3397 1087 3453 et
1126 3379 1358 3460 oenitentiam

147 3473 226 3548 fieri
259 3477 390 3562 gratiae
423 3476 553 3552 Christi
578 3478 784 3591 participes,
810 3478 938 3572 absque
961 3495 998 3549 ut
1021 3405 1244 3570 indulgentiis
1266 3499 1364 3579 opus

145 3569 209 3657 stc,
236 3570 399 3661 disputat.
423 3598 458 3664 4.
485 3574 680 3671 Oppngnar
699 3596 735 3646 sn
752 3571 875 3664 primis
890 3572 1134 3647 abundantiam
1147 3572 1365 3651 meritorum

146 3664 184 3740 in
204 3664 347 3750 sannis,
369 3668 641 3755 cuthenorum,
669 3669 715 3744 stc
731 3668 882 3760 dissum,
907 3667 1095 3743 Ecclesiae.
1114 3689 1148 3757 5.
1169 3668 1363 3746 Scholasti··

147 3783 268 3835 corum
294 3784 330 3836 et
356 3764 551 3840 Aristotelis
573 3765 814 3840 audioritatem
832 3764 1012 3860 repudiat,
1038 3770 1073 3840 6.
1091 3763 1253 3840 Gladium
1272 3763 1361 3876 qno·

146 3879 213 3949 que
246 3859 450 3948 secularem,
477 3862 533 3935 sen
566 3863 770 3955 potestatem
801 3859 953 3957 cogendi
978 3880 1014 3935 et
1039 3859 1224 3955 puniendi,
1248 3860 1360 3956 eripit

147 3953 264 4046 Papis,
290 3953 362 4029 solo
382 3958 481 4030 uerbi
496 3959 612 4052 gladio
630 3960 673 4031 iis
689 3957 821 4032 relicto.
856 3957 1069 4056 Denique-7.
1088 3958 1124 4032 se
1139 3957 1360 4033 a‘scnismare

142 4049 331 4148 profitetur
361 4051 528 4141 alienum,
561 4075 598 4127 ct
626 4052 850 4149 protestatur,
885 4055 1051 4132 damnans
1082 4076 1220 4153 quoque
1247 4054 1362 4128 Bone·

130 4169 232 4240 noo,
261 4149 354 4248 quod
372 4155 417 4230 ob
438 4152 527 4230 vitia
543 4151 760 4232 deseruerint
775 4149 977 4230 Ecclesiam.
1210 4149 1242 4250 i.
1270 4151 1359 4231 vit.
