3000 4800
1350 480 1353 485 '
1380 476 1408 509 N

147 709 221 765 sta
539 681 688 785 tastum
709 626 980 785 dcshfi'slrill.

151 881 378 961 terceptum,
410 859 470 960 qui
493 862 569 938 loca
591 883 628 938 et
652 862 796 941 claullrs
819 864 952 940 viarum
983 864 1147 941 tenebant
1173 870 1370 967 pompam

147 962 184 1037 vi
207 980 334 1035 armata
356 961 487 1053 aperire
500 960 644 1059 adgreffi
668 961 759 1037 sunt.
807 958 987 1037 Praentffa
1009 962 1129 1058 itaque
1153 960 1364 1041 declaratio·

147 1070 196 1133 ne
219 1058 298 1131 belli
319 1072 441 1131 contra
465 1054 681 1150 Tigurinor,
719 1079 761 1131 ur
790 1080 852 1131 eor
883 1056 972 1132 solos
994 1056 1194 1133 viderentur
1219 1063 1367 1154 adpete-

144 1175 204 1241 re,
227 1176 348 1227 eorum
372 1150 461 1225 fines
484 1150 558 1227 line
581 1176 679 1227 mora
702 1152 894 1245 invadunt,
925 1171 962 1225 ct
986 1152 1193 1248 praesidium
1217 1155 1365 1230 militum

147 1246 422 1347 Tigurinorum,
458 1248 602 1321 circiter
625 1250 738 1337 mille,
777 1272 891 1345 prope
916 1248 1157 1325 monasterium
1181 1251 1367 1347 cappellae

144 1366 362 1440 oppugnant.
411 1342 492 1452 Quo
517 1348 656 1434 audito,
682 1342 865 1432 festinate,
890 1344 950 1418 sed
972 1342 1045 1417 sine
1066 1344 1207 1433 ordine,
1232 1370 1280 1421 ert
1305 1372 1363 1423 ur·

144 1443 190 1517 be
213 1441 378 1513 advolant
397 1438 583 1532 Tigurini,
608 1460 647 1513 ut
671 1439 738 1513 suis
762 1462 866 1534 opem
893 1439 1028 1529 ferant,-
1054 1440 1133 1529 sed,
1156 1463 1273 1535 pugna
1291 1442 1364 1517 fac·

142 1555 197 1624 tt,
234 1534 417 1609 inferiores
451 1556 531 1607 cum
563 1558 687 1632 magna
722 1536 818 1609 clade
848 1533 1080 1610 discesserunt.
1133 1534 1236 1633 Quod
1268 1538 1365 1613 idem

142 1634 258 1709 fatum
295 1631 416 1704 cosin
444 1632 556 1704 altero
595 1630 695 1706 feriit
718 1630 869 1727 praelio,
902 1634 1002 1729 paulo
1027 1628 1104 1723 post
1128 1628 1271 1720 habito,
1306 1637 1363 1708 in·

143 1746 201 1805 ter
227 1726 377 1825 quinque
401 1728 570 1821 Pagorum
606 1726 821 1815 exercitum,
859 1746 898 1801 et
927 1726 1058 1822 aliquot
1094 1726 1194 1821 figna>
1217 1728 1364 1823 Tiguri-

143 1845 286 1911 norum,
313 1823 479 1898 exomni
503 1844 651 1897 numero
672 1820 816 1909 sclefla,
847 1820 885 1897 in
909 1842 1032 1897 monte
1056 1844 1170 1918 prope
1193 1823 1364 1901 Mencin·

141 1944 238 2020 gum.
290 1918 389 2011 Quae
416 1915 604 1989 infelicitas
637 1940 657 1990 a
687 1916 844 2011 neglecta
873 1918 1055 2010 disciplina
1080 1918 1225 1997 militari
1251 1920 1364 1998 mari·

141 2036 199 2091 ane
223 2015 308 2089 solet
329 2010 452 2103 repeti.
501 2008 636 2107 Quibut
658 2013 777 2102 malit,
800 2008 940 2108 aliisque
955 2012 1144 2102 molestiis,
1170 2012 1273 2091 fratri
1287 2016 1362 2099 ‚Ti-

141 2108 283 2209 gurini,
323 2105 403 2203 post
426 2108 609 2181 nonnullos
633 2106 718 2181 alios
748 2128 792 2183 ex
821 2106 942 2199 sociis,
982 2108 1171 2202 separatam
1194 2110 1363 2193 fecerunt

141 2230 222 2285 curn
251 2202 406 2278 hostibus
430 2226 574 2299 pacem,
613 2203 715 2297 cujus
736 2204 920 2301 primarius
943 2202 1103 2277 articulus
1125 2208 1363 2300 comprehen-

83 2322 86 2329 '
141 2305 197 2381 dit
222 2322 377 2377 mutuam
399 2298 582 2397 religionis
598 2302 831 2392 tolerantiam,
857 2301 979 2375 exacte
994 2303 1154 2395 utrinque
1171 2302 1362 2387 observatu,

140 2404 241 2488 dam,
265 2398 389 2491 absque
416 2418 456 2469 ut
479 2397 546 2475 alii,
562 2396 647 2467 alios
670 2413 815 2490 propter
840 2393 1048 2492 religionem
1071 2418 1130 2467 aur
1162 2400 1278 2471 verbis
1294 2418 1357 2475 aut

140 2493 243 2570 inflia
266 2492 444 2563 infestent.
494 2490 610 2587 Quam
633 2493 890 2579 excellentem,
931 2493 1135 2565 civitatibus
1158 2514 1193 2563 er
1221 2492 1360 2588 lingulis

138 2586 337 2665 hominibus
363 2603 431 2654 tam
455 2585 576 2657 utilem
599 2598 636 2655 et
658 2583 895 2675 necessariam,
929 2607 967 2659 et
992 2609 1074 2660 vere
1101 2588 1357 2683 Chrlllianam,

140 2685 328 2764 virtutem,
368 2677 464 2769 cujus
489 2675 666 2769 negleflua
692 2698 747 2754 tot
776 2680 956 2754 innumera
989 2704 1051 2776 per
1080 2686 1198 2756 omnia
1221 2685 1354 2779 secula,

139 2784 180 2858 in
205 2772 458 2852 Christianismi
485 2772 713 2869 opprobrium
736 2794 772 2847 et
796 2776 1056 2865 detrimentum,
1089 2782 1226 2873 peperit
1249 2785 1359 2874 mala,

140 2873 282 2953 tandem
308 2871 433 2943 damno
456 2868 515 2942 suo
536 2869 665 2940 discere
687 2868 878 2946 debuerunt
905 2874 1092 2968 Tigurini,
1124 2877 1159 2946 in
1185 2877 1354 2952 reforma·

138 2973 239 3050 tione
269 2964 490 3063 propaganda
514 2964 659 3037 nimium
685 2965 824 3040 fervidi.
870 2971 938 3043 Sed
963 2968 1128 3063 srngularc
1152 2969 1224 3061 est,
1260 2975 1355 3068 quod

137 3065 345 3162 religionem
372 3060 585 3135 catholicam
610 3060 689 3153 paffi
713 3062 845 3136 fuerint
869 3064 902 3135 in
927 3064 1023 3158 pacis
1042 3063 1273 3140 instrumento
1291 3071 1362 3144 ad-¹

138 3160 259 3263 pellari
292 3160 479 3249 antiquam,
517 3182 646 3244 trram,
680 3174 712 3230 et
737 3160 953 3232 indubitatam
972 3160 1092 3254 fidem,
1125 3163 1352 3242 reformatam

137 3280 229 3336 vero
251 3252 449 3349 srmpliclter
472 3274 611 3327 novam.
662 3252 765 3351 Quod
795 3275 909 3329 tamen
942 3252 1016 3328 stilo
1040 3254 1236 3341 catholico,
1279 3284 1354 3352 quo

138 3351 365 3431 conditiones
400 3346 479 3421 sunt
504 3366 684 3436 exaratae,
728 3350 831 3422 unice
861 3352 911 3425 est
938 3370 1118 3446 acceptum
1152 3349 1346 3426 ferendum.

137 3448 246 3529 Unde
278 3466 396 3519 rutnor
420 3443 550 3540 sparsus
580 3443 651 3535 est,
688 3445 881 3539 Tigurinos
907 3447 1012 3522 fidem
1037 3446 1127 3519 suam
1151 3448 1348 3544 abnegasse.

134 3541 328 3625 Beruenses
353 3563 511 3637 quoque,
550 3542 609 3636 qui
643 3562 722 3615 curn
751 3542 926 3637 Tigurinis
956 3544 1083 3616 bellum
1114 3563 1236 3617 contra
1253 3548 1353 3622 ean·

135 3661 238 3718 tonet
259 3636 458 3713 Catholicos
481 3641 667 3732 gerebant,
704 3635 849 3710 asociis
872 3636 1019 3726 deserti,
1062 3640 1217 3711 exercitu
1243 3644 1355 3721 etiam

133 3738 350 3833 aliquatenus
372 3730 519 3824 dilapso,
552 3733 725 3827 multaque
749 3754 945 3807 metuentes
977 3736 1084 3823 mala,
1116 3736 1251 3809 easdem
1274 3739 1353 3815 fere

132 3834 175 3913 iu
202 3828 418 3906 conditiones
434 3827 522 3899 haud
546 3827 606 3899 diu
625 3824 702 3920 post
720 3823 878 3903 fecerunt
894 3852 1015 3924 pacem
1077 3831 1243 3905 Ceterum
1260 3838 1359 3912 haec-

134 3928 210 4027 ipsa
243 3948 309 4021 pau
340 3924 517 3997 rationalis
551 3922 643 3997 difla
672 3922 881 4014 Helvetiae,
926 3928 1007 4021 quia
1031 3950 1153 4001 omnes
1177 3932 1361 4021 Cantones,

134 4022 173 4103 in
196 4044 235 4099 ea
257 4039 371 4119 partes
398 4019 613 4108 habuerunt,
655 4039 693 4093 et
714 4019 750 4093 in
777 4044 850 4092 earn
885 4020 1149 4113 consenserunt,
1190 4050 1256 4118 per
1280 4030 1352 4101 duo

134 4122 212 4198 fere
236 4119 348 4197 fecula
378 4136 594 4221 pronosim
622 4114 695 4203 {llil
724 4117 820 4201 inter
841 4116 1036 4207 Helvetios
1061 4118 1200 4212 habita,
1244 4124 1353 4215 usque

130 4214 227 4327 td·-
252 4237 361 4312 rrta.
1189 4215 1222 4319 ς.
1245 4214 1352 4316 CCX,
