<?xml version="1.0" encoding="UTF-8"?>
<!DOCTYPE html PUBLIC "-//W3C//DTD XHTML 1.0 Transitional//EN"
    "http://www.w3.org/TR/xhtml1/DTD/xhtml1-transitional.dtd">
<html xmlns="http://www.w3.org/1999/xhtml" xml:lang="en" lang="en">
 <head>
  <title>
</title>
<meta http-equiv="Content-Type" content="text/html;charset=utf-8" />
  <meta name='ocr-system' content='tesseract 3.04.00' />
  <meta name='ocr-capabilities' content='ocr_page ocr_carea ocr_par ocr_line ocrx_word'/>
</head>
<body>
  <div class='ocr_page' id='page_1' title='image "./hermannivenemai06venegoog/hermannivenemai06venegoog_0416.png"; bbox 0 0 3148 4434; ppageno 0'>
   <div class='ocr_carea' id='block_1_1' title="bbox 577 121 1298 226">
    <p class='ocr_par' dir='ltr' id='par_1_1' title="bbox 577 121 1298 226">
     <span class='ocr_line' id='line_1_1' title="bbox 577 121 1298 226; baseline 0.003 -28"><span class='ocrx_word' id='word_1_1' title='bbox 577 121 685 204; x_wconf 80' lang='lat' dir='ltr'>Serri.</span> <span class='ocrx_word' id='word_1_2' title='bbox 708 121 806 204; x_wconf 80' lang='lat' dir='ltr'><em>XVI.</em></span> <span class='ocrx_word' id='word_1_3' title='bbox 951 127 955 130; x_wconf 79' lang='grc'><strong>’</strong></span> <span class='ocrx_word' id='word_1_4' title='bbox 1226 151 1298 226; x_wconf 75' lang='lat'>4¹1</span> 
     </span>
    </p>
   </div>
   <div class='ocr_carea' id='block_1_2' title="bbox 44 297 1426 3748">
    <p class='ocr_par' dir='ltr' id='par_1_2' title="bbox 44 297 1292 1078">
     <span class='ocr_line' id='line_1_2' title="bbox 58 297 1292 408; baseline 0.006 -28"><span class='ocrx_word' id='word_1_5' title='bbox 58 297 255 380; x_wconf 73' lang='lat' dir='ltr'>cardinalis</span> <span class='ocrx_word' id='word_1_6' title='bbox 279 298 547 400; x_wconf 84' lang='lat' dir='ltr'>Lothtringur,</span> <span class='ocrx_word' id='word_1_7' title='bbox 573 305 699 378; x_wconf 81' lang='lat' dir='ltr'>utinam</span> <span class='ocrx_word' id='word_1_8' title='bbox 723 319 782 380; x_wconf 84' lang='lat' dir='ltr'>aut</span> <span class='ocrx_word' id='word_1_9' title='bbox 805 303 861 378; x_wconf 80' lang='lat' dir='ltr'>isse</span> <span class='ocrx_word' id='word_1_10' title='bbox 885 317 1013 395; x_wconf 79' lang='lat' dir='ltr'>murus,</span> <span class='ocrx_word' id='word_1_11' title='bbox 1040 322 1100 384; x_wconf 82' lang='lat' dir='ltr'>aar</span> <span class='ocrx_word' id='word_1_12' title='bbox 1124 327 1180 382; x_wconf 86' lang='lat' dir='ltr'>rtts</span> <span class='ocrx_word' id='word_1_13' title='bbox 1194 309 1292 408; x_wconf 75' lang='lat' dir='ltr'>surde·</span> 
     </span>
     <span class='ocr_line' id='line_1_3' title="bbox 44 397 1292 496; baseline 0.01 -24"><span class='ocrx_word' id='word_1_14' title='bbox 44 397 249 496; x_wconf 81' lang='lat' dir='ltr'>suiffimur!</span> <span class='ocrx_word' id='word_1_15' title='bbox 288 399 499 473; x_wconf 81' lang='lat' dir='ltr'>Conclusum</span> <span class='ocrx_word' id='word_1_16' title='bbox 531 398 600 488; x_wconf 88' lang='lat' dir='ltr'>est,</span> <span class='ocrx_word' id='word_1_17' title='bbox 625 401 757 478; x_wconf 89' lang='lat' dir='ltr'>duobut</span> <span class='ocrx_word' id='word_1_18' title='bbox 780 419 914 476; x_wconf 84' lang='lat' dir='ltr'>tantum</span> <span class='ocrx_word' id='word_1_19' title='bbox 937 403 1127 496; x_wconf 78' lang='lat' dir='ltr'>capitibus,</span> <span class='ocrx_word' id='word_1_20' title='bbox 1152 404 1196 478; x_wconf 90' lang='lat' dir='ltr'>de</span> <span class='ocrx_word' id='word_1_21' title='bbox 1221 411 1292 485; x_wconf 84' lang='lat' dir='ltr'>Et·</span> 
     </span>
     <span class='ocr_line' id='line_1_4' title="bbox 54 495 1290 594; baseline 0.01 -24"><span class='ocrx_word' id='word_1_22' title='bbox 54 495 153 589; x_wconf 80' lang='lat' dir='ltr'>rsesto</span> <span class='ocrx_word' id='word_1_23' title='bbox 188 511 223 568; x_wconf 81' lang='lat' dir='ltr'>tt</span> <span class='ocrx_word' id='word_1_24' title='bbox 259 495 500 588; x_wconf 72' lang='lat' dir='ltr'>Eucharistia,</span> <span class='ocrx_word' id='word_1_25' title='bbox 542 496 612 572; x_wconf 84' lang='lat' dir='ltr'>esse</span> <span class='ocrx_word' id='word_1_26' title='bbox 645 495 1177 594; x_wconf 49' lang='lat' dir='ltr'>respondendum01nstaurato</span> <span class='ocrx_word' id='word_1_27' title='bbox 1207 504 1290 584; x_wconf 83' lang='lat' dir='ltr'>dein</span> 
     </span>
     <span class='ocr_line' id='line_1_5' title="bbox 54 591 1288 694; baseline 0.011 -31"><span class='ocrx_word' id='word_1_28' title='bbox 54 594 239 688; x_wconf 81' lang='lat' dir='ltr'>colloquio</span> <span class='ocrx_word' id='word_1_29' title='bbox 274 591 340 663; x_wconf 90' lang='lat' dir='ltr'>die</span> <span class='ocrx_word' id='word_1_30' title='bbox 367 599 445 665; x_wconf 84' lang='lat' dir='ltr'>roto</span> <span class='ocrx_word' id='word_1_31' title='bbox 469 593 563 686; x_wconf 86' lang='lat' dir='ltr'><strong>Sept.</strong></span> <span class='ocrx_word' id='word_1_32' title='bbox 588 613 705 666; x_wconf 86' lang='lat' dir='ltr'>coram</span> <span class='ocrx_word' id='word_1_33' title='bbox 729 595 852 689; x_wconf 86' lang='lat' dir='ltr'>Rege,</span> <span class='ocrx_word' id='word_1_34' title='bbox 878 593 1037 690; x_wconf 80' lang='lat' dir='ltr'>Regina,</span> <span class='ocrx_word' id='word_1_35' title='bbox 1061 593 1288 694; x_wconf 88' lang='lat' dir='ltr'>Navarraeo,</span> 
     </span>
     <span class='ocr_line' id='line_1_6' title="bbox 58 683 1289 789; baseline 0.011 -29"><span class='ocrx_word' id='word_1_36' title='bbox 58 707 97 760; x_wconf 86' lang='lat' dir='ltr'>et</span> <span class='ocrx_word' id='word_1_37' title='bbox 127 684 365 782; x_wconf 72' lang='lat' dir='ltr'>Principibus</span> <span class='ocrx_word' id='word_1_38' title='bbox 405 683 687 782; x_wconf 81' lang='lat' dir='ltr'>consenguineir,</span> <span class='ocrx_word' id='word_1_39' title='bbox 728 689 858 786; x_wconf 81' lang='lat' dir='ltr'>reliqua</span> <span class='ocrx_word' id='word_1_40' title='bbox 895 695 993 764; x_wconf 85' lang='lat' dir='ltr'>turba</span> <span class='ocrx_word' id='word_1_41' title='bbox 1024 711 1094 763; x_wconf 91' lang='lat' dir='ltr'>non</span> <span class='ocrx_word' id='word_1_42' title='bbox 1125 694 1289 789; x_wconf 82' lang='lat' dir='ltr'>admisit,</span> 
     </span>
     <span class='ocr_line' id='line_1_7' title="bbox 57 780 1287 878; baseline 0.008 -24"><span class='ocrx_word' id='word_1_43' title='bbox 57 781 217 858; x_wconf 89' lang='lat' dir='ltr'>disseroit</span> <span class='ocrx_word' id='word_1_44' title='bbox 247 781 514 876; x_wconf 83' lang='lat' dir='ltr'>Lothatingut,</span> <span class='ocrx_word' id='word_1_45' title='bbox 547 781 728 876; x_wconf 83' lang='lat' dir='ltr'>praemissa</span> <span class='ocrx_word' id='word_1_46' title='bbox 751 780 1021 878; x_wconf 89' lang='lat' dir='ltr'>protestatione,</span> <span class='ocrx_word' id='word_1_47' title='bbox 1055 786 1110 858; x_wconf 84' lang='lat' dir='ltr'>Re</span> <span class='ocrx_word' id='word_1_48' title='bbox 1135 809 1190 864; x_wconf 89' lang='lat' dir='ltr'>em</span> <span class='ocrx_word' id='word_1_49' title='bbox 1214 815 1287 872; x_wconf 87' lang='lat' dir='ltr'>non</span> 
     </span>
     <span class='ocr_line' id='line_1_8' title="bbox 56 810 1284 981; baseline 0.01 -31"><span class='ocrx_word' id='word_1_50' title='bbox 56 877 285 966; x_wconf 77' lang='lat' dir='ltr'>haereticos,</span> <span class='ocrx_word' id='word_1_51' title='bbox 334 878 392 952; x_wconf 89' lang='lat' dir='ltr'>sed</span> <span class='ocrx_word' id='word_1_52' title='bbox 429 879 615 953; x_wconf 84' lang='lat' dir='ltr'>Ecciefiam</span> <span class='ocrx_word' id='word_1_53' title='bbox 648 878 879 966; x_wconf 78' lang='lat' dir='ltr'>Catholicrm,</span> <span class='ocrx_word' id='word_1_54' title='bbox 919 879 978 953; x_wconf 89' lang='lat' dir='ltr'>cui</span> <span class='ocrx_word' id='word_1_55' title='bbox 1011 810 1184 976; x_wconf 52' lang='lat' dir='ltr'>subjeiur</span> <span class='ocrx_word' id='word_1_56' title='bbox 1214 887 1284 981; x_wconf 88' lang='lat' dir='ltr'>est,</span> 
     </span>
     <span class='ocr_line' id='line_1_9' title="bbox 55 969 1287 1078; baseline 0.01 -33"><span class='ocrx_word' id='word_1_57' title='bbox 55 976 242 1060; x_wconf 83' lang='lat' dir='ltr'>venerari,</span> <span class='ocrx_word' id='word_1_58' title='bbox 271 990 315 1045; x_wconf 89' lang='lat' dir='ltr'>et</span> <span class='ocrx_word' id='word_1_59' title='bbox 340 974 479 1064; x_wconf 89' lang='lat' dir='ltr'>audire,</span> <span class='ocrx_word' id='word_1_60' title='bbox 504 974 651 1064; x_wconf 91' lang='lat' dir='ltr'>debere,</span> <span class='ocrx_word' id='word_1_61' title='bbox 676 975 720 1048; x_wconf 83' lang='lat' dir='ltr'>de</span> <span class='ocrx_word' id='word_1_62' title='bbox 736 969 881 1064; x_wconf 76' lang='lat' dir='ltr'>Eceteſsa</span> <span class='ocrx_word' id='word_1_63' title='bbox 899 991 930 1048; x_wconf 83' lang='lat' dir='ltr'>tt</span> <span class='ocrx_word' id='word_1_64' title='bbox 948 973 1180 1072; x_wconf 60' lang='lat' dir='ltr'>Eucharistiae,</span> <span class='ocrx_word' id='word_1_65' title='bbox 1205 1007 1287 1078; x_wconf 90' lang='lat' dir='ltr'>pro·</span> 
     </span>
    </p>

    <p class='ocr_par' dir='ltr' id='par_1_3' title="bbox 54 1065 1287 1371">
     <span class='ocr_line' id='line_1_10' title="bbox 54 1065 1285 1170; baseline 0.004 -29"><span class='ocrx_word' id='word_1_66' title='bbox 54 1089 93 1141; x_wconf 90' lang='lat' dir='ltr'>ut</span> <span class='ocrx_word' id='word_1_67' title='bbox 124 1071 241 1144; x_wconf 88' lang='lat' dir='ltr'>soient</span> <span class='ocrx_word' id='word_1_68' title='bbox 276 1067 476 1143; x_wconf 82' lang='lat' dir='ltr'>Pontifitii.</span> <span class='ocrx_word' id='word_1_69' title='bbox 524 1069 672 1170; x_wconf 82' lang='lat' dir='ltr'>Quando</span> <span class='ocrx_word' id='word_1_70' title='bbox 702 1065 902 1142; x_wconf 81' lang='lat' dir='ltr'>Turri&#39;oniut</span> <span class='ocrx_word' id='word_1_71' title='bbox 929 1071 1087 1145; x_wconf 90' lang='lat' dir='ltr'>omnium</span> <span class='ocrx_word' id='word_1_72' title='bbox 1113 1075 1164 1147; x_wconf 87' lang='lat' dir='ltr'>est</span> <span class='ocrx_word' id='word_1_73' title='bbox 1190 1076 1285 1152; x_wconf 76' lang='lat' dir='ltr'>testi.</span> 
     </span>
     <span class='ocr_line' id='line_1_11' title="bbox 55 1163 1287 1259; baseline 0.009 -22"><span class='ocrx_word' id='word_1_74' title='bbox 55 1163 178 1240; x_wconf 80' lang='lat' dir='ltr'>ficetur</span> <span class='ocrx_word' id='word_1_75' title='bbox 205 1163 385 1254; x_wconf 89' lang='lat' dir='ltr'>nomine,</span> <span class='ocrx_word' id='word_1_76' title='bbox 411 1166 501 1238; x_wconf 87' lang='lat' dir='ltr'>hauc</span> <span class='ocrx_word' id='word_1_77' title='bbox 522 1167 678 1240; x_wconf 89' lang='lat' dir='ltr'>omniurn</span> <span class='ocrx_word' id='word_1_78' title='bbox 702 1165 959 1238; x_wconf 76' lang='lat' dir='ltr'>Catholicorum</span> <span class='ocrx_word' id='word_1_79' title='bbox 974 1164 1043 1241; x_wconf 82' lang='lat' dir='ltr'>effe</span> <span class='ocrx_word' id='word_1_80' title='bbox 1059 1165 1184 1259; x_wconf 85' lang='lat' dir='ltr'>iidem,</span> <span class='ocrx_word' id='word_1_81' title='bbox 1208 1175 1287 1248; x_wconf 71' lang='lat' dir='ltr'>eos·</span> 
     </span>
     <span class='ocr_line' id='line_1_12' title="bbox 57 1258 1283 1371; baseline 0.004 -37"><span class='ocrx_word' id='word_1_82' title='bbox 57 1283 142 1369; x_wconf 70' lang='lat' dir='ltr'>que,</span> <span class='ocrx_word' id='word_1_83' title='bbox 166 1263 232 1358; x_wconf 93' lang='lat' dir='ltr'>qui</span> <span class='ocrx_word' id='word_1_84' title='bbox 261 1259 300 1334; x_wconf 89' lang='lat' dir='ltr'>ei</span> <span class='ocrx_word' id='word_1_85' title='bbox 326 1258 539 1336; x_wconf 72' lang='lat' dir='ltr'>subscribere</span> <span class='ocrx_word' id='word_1_86' title='bbox 565 1259 780 1371; x_wconf 77' lang='lat' dir='ltr'>detretiaut,</span> <span class='ocrx_word' id='word_1_87' title='bbox 806 1259 1088 1371; x_wconf 74' lang='lat' dir='ltr'>exterminandos</span> <span class='ocrx_word' id='word_1_88' title='bbox 1112 1263 1193 1340; x_wconf 82' lang='lat' dir='ltr'>effe.</span> <span class='ocrx_word' id='word_1_89' title='bbox 1219 1269 1283 1341; x_wconf 86' lang='lat' dir='ltr'>Pe-</span> 
     </span>
    </p>

    <p class='ocr_par' dir='ltr' id='par_1_4' title="bbox 57 1355 1281 1560">
     <span class='ocr_line' id='line_1_13' title="bbox 57 1355 1281 1560; baseline 0.008 -36"><span class='ocrx_word' id='word_1_90' title='bbox 57 1375 111 1524; x_wconf 80' lang='lat' dir='ltr'>rt</span> <span class='ocrx_word' id='word_1_91' title='bbox 135 1357 444 1526; x_wconf 60' lang='lat' dir='ltr'>rttdrrritt’</span> <span class='ocrx_word' id='word_1_92' title='bbox 470 1355 607 1526; x_wconf 69' lang='lat' dir='ltr'>titi:</span> <span class='ocrx_word' id='word_1_93' title='bbox 630 1379 696 1524; x_wconf 69' lang='lat' dir='ltr'>tt</span> <span class='ocrx_word' id='word_1_94' title='bbox 710 1356 1281 1560; x_wconf 63' lang='lat' dir='ltr'>{ztttzzttttttsrrirt</span> 
     </span>
    </p>

    <p class='ocr_par' dir='ltr' id='par_1_5' title="bbox 58 1545 1281 1937">
     <span class='ocr_line' id='line_1_14' title="bbox 58 1545 1281 1644; baseline 0.007 -26"><span class='ocrx_word' id='word_1_95' title='bbox 58 1551 97 1618; x_wconf 86' lang='lat' dir='ltr'>ad</span> <span class='ocrx_word' id='word_1_96' title='bbox 128 1571 242 1622; x_wconf 78' lang='lat' dir='ltr'>novar</span> <span class='ocrx_word' id='word_1_97' title='bbox 277 1545 570 1643; x_wconf 85' lang='lat' dir='ltr'>Euangelicorum</span> <span class='ocrx_word' id='word_1_98' title='bbox 603 1546 777 1620; x_wconf 76' lang='lat' dir='ltr'>instantiae</span> <span class='ocrx_word' id='word_1_99' title='bbox 808 1548 937 1640; x_wconf 81' lang='lat' dir='ltr'>aliquot</span> <span class='ocrx_word' id='word_1_100' title='bbox 966 1548 1088 1622; x_wconf 71' lang='lat' dir='ltr'>diebus</span> <span class='ocrx_word' id='word_1_101' title='bbox 1120 1550 1197 1644; x_wconf 88' lang='lat' dir='ltr'>post</span> <span class='ocrx_word' id='word_1_102' title='bbox 1229 1553 1281 1631; x_wconf 85' lang='lat' dir='ltr'>est</span> 
     </span>
     <span class='ocr_line' id='line_1_15' title="bbox 59 1640 1279 1739; baseline 0.007 -27"><span class='ocrx_word' id='word_1_103' title='bbox 59 1640 257 1730; x_wconf 59' lang='lat' dir='ltr'>resumtum</span> <span class='ocrx_word' id='word_1_104' title='bbox 289 1663 363 1714; x_wconf 90' lang='lat' dir='ltr'>non</span> <span class='ocrx_word' id='word_1_105' title='bbox 387 1641 526 1733; x_wconf 83' lang='lat' dir='ltr'>publico</span> <span class='ocrx_word' id='word_1_106' title='bbox 547 1643 620 1738; x_wconf 88' lang='lat' dir='ltr'>jam</span> <span class='ocrx_word' id='word_1_107' title='bbox 648 1641 701 1716; x_wconf 88' lang='lat' dir='ltr'>sed</span> <span class='ocrx_word' id='word_1_108' title='bbox 720 1642 858 1734; x_wconf 89' lang='lat' dir='ltr'>privato</span> <span class='ocrx_word' id='word_1_109' title='bbox 873 1645 973 1730; x_wconf 90' lang='lat' dir='ltr'>loco,</span> <span class='ocrx_word' id='word_1_110' title='bbox 999 1642 1134 1735; x_wconf 84' lang='lat' dir='ltr'>Regina</span> <span class='ocrx_word' id='word_1_111' title='bbox 1150 1669 1279 1739; x_wconf 89' lang='lat' dir='ltr'>matre,</span> 
     </span>
     <span class='ocr_line' id='line_1_16' title="bbox 62 1734 1281 1832; baseline 0.009 -24"><span class='ocrx_word' id='word_1_112' title='bbox 62 1737 174 1831; x_wconf 85' lang='lat' dir='ltr'>Rege,</span> <span class='ocrx_word' id='word_1_113' title='bbox 194 1762 233 1812; x_wconf 90' lang='lat' dir='ltr'>et</span> <span class='ocrx_word' id='word_1_114' title='bbox 251 1737 395 1832; x_wconf 84' lang='lat' dir='ltr'>Regina</span> <span class='ocrx_word' id='word_1_115' title='bbox 414 1738 613 1826; x_wconf 82' lang='lat' dir='ltr'>Navarrae,</span> <span class='ocrx_word' id='word_1_116' title='bbox 633 1734 880 1822; x_wconf 81' lang='lat' dir='ltr'>Antistiribur,</span> <span class='ocrx_word' id='word_1_117' title='bbox 896 1753 932 1806; x_wconf 90' lang='lat' dir='ltr'>et</span> <span class='ocrx_word' id='word_1_118' title='bbox 948 1737 1134 1809; x_wconf 84' lang='lat' dir='ltr'>duodecim</span> <span class='ocrx_word' id='word_1_119' title='bbox 1149 1741 1281 1820; x_wconf 71' lang='lat' dir='ltr'>feretris</span> 
     </span>
     <span class='ocr_line' id='line_1_17' title="bbox 62 1827 1280 1937; baseline 0.005 -35"><span class='ocrx_word' id='word_1_120' title='bbox 62 1833 247 1922; x_wconf 81' lang='lat' dir='ltr'>ministris,</span> <span class='ocrx_word' id='word_1_121' title='bbox 284 1831 473 1928; x_wconf 83' lang='lat' dir='ltr'>paucisque</span> <span class='ocrx_word' id='word_1_122' title='bbox 502 1831 573 1906; x_wconf 81' lang='lat' dir='ltr'>aliis</span> <span class='ocrx_word' id='word_1_123' title='bbox 597 1829 844 1928; x_wconf 77' lang='lat' dir='ltr'>praesentibus.</span> <span class='ocrx_word' id='word_1_124' title='bbox 894 1828 976 1928; x_wconf 91' lang='lat' dir='ltr'>Quo</span> <span class='ocrx_word' id='word_1_125' title='bbox 1008 1827 1044 1937; x_wconf 77' lang='lat' dir='ltr'>in</span> <span class='ocrx_word' id='word_1_126' title='bbox 1077 1851 1182 1906; x_wconf 87' lang='lat' dir='ltr'>coeto</span> <span class='ocrx_word' id='word_1_127' title='bbox 1216 1839 1280 1908; x_wconf 84' lang='lat' dir='ltr'>Be·</span> 
     </span>
    </p>

    <p class='ocr_par' dir='ltr' id='par_1_6' title="bbox 62 1922 1278 2024">
     <span class='ocr_line' id='line_1_18' title="bbox 62 1922 1278 2024; baseline 0.004 -24"><span class='ocrx_word' id='word_1_128' title='bbox 62 1950 116 2014; x_wconf 87' lang='lat' dir='ltr'>za,</span> <span class='ocrx_word' id='word_1_129' title='bbox 149 1927 346 2019; x_wconf 79' lang='lat' dir='ltr'>praemissis</span> <span class='ocrx_word' id='word_1_130' title='bbox 378 1930 488 2002; x_wconf 78' lang='lat' dir='ltr'>rursus</span> <span class='ocrx_word' id='word_1_131' title='bbox 517 1929 698 2024; x_wconf 88' lang='lat' dir='ltr'>precibut,</span> <span class='ocrx_word' id='word_1_132' title='bbox 730 1923 909 2020; x_wconf 90' lang='lat' dir='ltr'>copiosum</span> <span class='ocrx_word' id='word_1_133' title='bbox 941 1923 1062 1998; x_wconf 80' lang='lat' dir='ltr'>habuit</span> <span class='ocrx_word' id='word_1_134' title='bbox 1084 1922 1278 2007; x_wconf 87' lang='lat' dir='ltr'>sermonem</span> 
     </span>
    </p>

    <p class='ocr_par' dir='ltr' id='par_1_7' title="bbox 64 2020 1277 2118">
     <span class='ocr_line' id='line_1_19' title="bbox 64 2020 1277 2118; baseline 0.006 -22"><span class='ocrx_word' id='word_1_135' title='bbox 64 2025 102 2096; x_wconf 85' lang='lat' dir='ltr'>de</span> <span class='ocrx_word' id='word_1_136' title='bbox 125 2025 309 2115; x_wconf 81' lang='lat' dir='ltr'>Ecclesia,</span> <span class='ocrx_word' id='word_1_137' title='bbox 340 2022 415 2118; x_wconf 85' lang='lat' dir='ltr'>ejus</span> <span class='ocrx_word' id='word_1_138' title='bbox 439 2044 580 2114; x_wconf 89' lang='lat' dir='ltr'>natura,</span> <span class='ocrx_word' id='word_1_139' title='bbox 613 2022 725 2107; x_wconf 84' lang='lat' dir='ltr'>notit,</span> <span class='ocrx_word' id='word_1_140' title='bbox 748 2043 785 2094; x_wconf 89' lang='lat' dir='ltr'>et</span> <span class='ocrx_word' id='word_1_141' title='bbox 812 2020 1019 2105; x_wconf 80' lang='lat' dir='ltr'>autoritate,</span> <span class='ocrx_word' id='word_1_142' title='bbox 1045 2041 1206 2100; x_wconf 88' lang='lat' dir='ltr'>necnon</span> <span class='ocrx_word' id='word_1_143' title='bbox 1231 2029 1277 2102; x_wconf 87' lang='lat' dir='ltr'>de</span> 
     </span>
    </p>

    <p class='ocr_par' dir='ltr' id='par_1_8' title="bbox 61 2115 1276 2214">
     <span class='ocr_line' id='line_1_20' title="bbox 61 2115 1276 2214; baseline -0.005 -24"><span class='ocrx_word' id='word_1_144' title='bbox 61 2121 92 2194; x_wconf 91' lang='lat' dir='ltr'>S.</span> <span class='ocrx_word' id='word_1_145' title='bbox 118 2123 250 2196; x_wconf 89' lang='lat' dir='ltr'>Coena.</span> <span class='ocrx_word' id='word_1_146' title='bbox 309 2120 376 2192; x_wconf 86' lang='lat' dir='ltr'>Sed</span> <span class='ocrx_word' id='word_1_147' title='bbox 401 2141 579 2212; x_wconf 81' lang='lat' dir='ltr'>antequam</span> <span class='ocrx_word' id='word_1_148' title='bbox 621 2115 764 2190; x_wconf 87' lang='lat' dir='ltr'>osteriur</span> <span class='ocrx_word' id='word_1_149' title='bbox 780 2119 1026 2212; x_wconf 74' lang='lat' dir='ltr'>adgrederetur</span> <span class='ocrx_word' id='word_1_150' title='bbox 1041 2137 1165 2213; x_wconf 89' lang='lat' dir='ltr'>caput,</span> <span class='ocrx_word' id='word_1_151' title='bbox 1191 2143 1276 2214; x_wconf 81' lang='lat' dir='ltr'>pau.</span> 
     </span>
    </p>

    <p class='ocr_par' dir='ltr' id='par_1_9' title="bbox 64 2141 1376 3165">
     <span class='ocr_line' id='line_1_21' title="bbox 64 2141 1376 2353; baseline 0.005 -66"><span class='ocrx_word' id='word_1_152' title='bbox 64 2235 101 2287; x_wconf 84' lang='lat' dir='ltr'>cr</span> <span class='ocrx_word' id='word_1_153' title='bbox 123 2217 157 2289; x_wconf 88' lang='lat' dir='ltr'>ei</span> <span class='ocrx_word' id='word_1_154' title='bbox 182 2217 329 2312; x_wconf 78' lang='lat' dir='ltr'>regessit</span> <span class='ocrx_word' id='word_1_155' title='bbox 360 2213 519 2286; x_wconf 83' lang='lat' dir='ltr'>Claudiur</span> <span class='ocrx_word' id='word_1_156' title='bbox 552 2141 779 2309; x_wconf 48' lang='lat' dir='ltr'>Eiicnsaeut,</span> <span class='ocrx_word' id='word_1_157' title='bbox 820 2209 1049 2301; x_wconf 83' lang='lat' dir='ltr'>Sotbonicua,</span> <span class='ocrx_word' id='word_1_158' title='bbox 1079 2212 1168 2308; x_wconf 82' lang='lat' dir='ltr'>jussu</span> <span class='ocrx_word' id='word_1_159' title='bbox 1199 2218 1274 2294; x_wconf 91' lang='lat' dir='ltr'>Lo·</span> <span class='ocrx_word' id='word_1_160' title='bbox 1311 2231 1376 2353; x_wconf 45' lang='lat' dir='ltr'>s</span> 
     </span>
     <span class='ocr_line' id='line_1_22' title="bbox 64 2305 1276 2407; baseline 0.008 -27"><span class='ocrx_word' id='word_1_161' title='bbox 64 2311 232 2406; x_wconf 79' lang='lat' dir='ltr'>thuringi,</span> <span class='ocrx_word' id='word_1_162' title='bbox 261 2309 420 2407; x_wconf 67' lang='lat' dir='ltr'>respebiu</span> <span class='ocrx_word' id='word_1_163' title='bbox 446 2307 639 2384; x_wconf 72' lang='lat' dir='ltr'>vocationis</span> <span class='ocrx_word' id='word_1_164' title='bbox 655 2306 885 2384; x_wconf 87' lang='lat' dir='ltr'>ministrorum</span> <span class='ocrx_word' id='word_1_165' title='bbox 904 2305 1214 2403; x_wconf 84' lang='lat' dir='ltr'>Reformatorum,</span> <span class='ocrx_word' id='word_1_166' title='bbox 1238 2331 1276 2390; x_wconf 86' lang='lat' dir='ltr'>et</span> 
     </span>
     <span class='ocr_line' id='line_1_23' title="bbox 64 2403 1273 2500; baseline 0.007 -24"><span class='ocrx_word' id='word_1_167' title='bbox 64 2407 310 2497; x_wconf 81' lang='lat' dir='ltr'>traditionum,</span> <span class='ocrx_word' id='word_1_168' title='bbox 343 2403 481 2479; x_wconf 80' lang='lat' dir='ltr'>testatur</span> <span class='ocrx_word' id='word_1_169' title='bbox 513 2407 667 2492; x_wconf 89' lang='lat' dir='ltr'>interea,</span> <span class='ocrx_word' id='word_1_170' title='bbox 700 2406 735 2476; x_wconf 89' lang='lat' dir='ltr'>se</span> <span class='ocrx_word' id='word_1_171' title='bbox 758 2407 800 2478; x_wconf 89' lang='lat' dir='ltr'>ab</span> <span class='ocrx_word' id='word_1_172' title='bbox 823 2404 919 2476; x_wconf 92' lang='lat' dir='ltr'>omni</span> <span class='ocrx_word' id='word_1_173' title='bbox 943 2403 1127 2478; x_wconf 86' lang='lat' dir='ltr'>abhorrere</span> <span class='ocrx_word' id='word_1_174' title='bbox 1153 2410 1273 2500; x_wconf 87' lang='lat' dir='ltr'>perse·</span> 
     </span>
     <span class='ocr_line' id='line_1_24' title="bbox 68 2497 1276 2593; baseline 0.007 -23"><span class='ocrx_word' id='word_1_175' title='bbox 68 2505 216 2576; x_wconf 90' lang='lat' dir='ltr'>cutione.</span> <span class='ocrx_word' id='word_1_176' title='bbox 274 2507 362 2576; x_wconf 77' lang='lat' dir='ltr'>beza</span> <span class='ocrx_word' id='word_1_177' title='bbox 385 2523 470 2572; x_wconf 89' lang='lat' dir='ltr'>vero</span> <span class='ocrx_word' id='word_1_178' title='bbox 488 2501 521 2574; x_wconf 89' lang='lat' dir='ltr'>se</span> <span class='ocrx_word' id='word_1_179' title='bbox 536 2500 577 2574; x_wconf 92' lang='lat' dir='ltr'>ad</span> <span class='ocrx_word' id='word_1_180' title='bbox 595 2497 873 2593; x_wconf 88' lang='lat' dir='ltr'>respondendum</span> <span class='ocrx_word' id='word_1_181' title='bbox 891 2517 1048 2592; x_wconf 88' lang='lat' dir='ltr'>parante,</span> <span class='ocrx_word' id='word_1_182' title='bbox 1075 2501 1276 2579; x_wconf 73' lang='lat' dir='ltr'>Monachus</span> 
     </span>
     <span class='ocr_line' id='line_1_25' title="bbox 69 2593 1273 2687; baseline 0.007 -21"><span class='ocrx_word' id='word_1_183' title='bbox 69 2597 199 2684; x_wconf 87' lang='lat' dir='ltr'>quidam</span> <span class='ocrx_word' id='word_1_184' title='bbox 218 2623 240 2672; x_wconf 91' lang='lat' dir='ltr'>e</span> <span class='ocrx_word' id='word_1_185' title='bbox 258 2601 376 2672; x_wconf 82' lang='lat' dir='ltr'>schola</span> <span class='ocrx_word' id='word_1_186' title='bbox 396 2597 606 2680; x_wconf 77' lang='lat' dir='ltr'>snrtonica,</span> <span class='ocrx_word' id='word_1_187' title='bbox 632 2593 789 2668; x_wconf 72' lang='lat' dir='ltr'>Sauciiur</span> <span class='ocrx_word' id='word_1_188' title='bbox 806 2593 969 2679; x_wconf 90' lang='lat' dir='ltr'>nomine,</span> <span class='ocrx_word' id='word_1_189' title='bbox 995 2595 1153 2687; x_wconf 79' lang='lat' dir='ltr'>surgent,</span> <span class='ocrx_word' id='word_1_190' title='bbox 1177 2598 1273 2678; x_wconf 71' lang='lat' dir='ltr'>titt·</span> 
     </span>
     <span class='ocr_line' id='line_1_26' title="bbox 68 2687 1273 2786; baseline -0.001 -20"><span class='ocrx_word' id='word_1_191' title='bbox 68 2687 247 2786; x_wconf 84' lang='lat' dir='ltr'>Espensaei</span> <span class='ocrx_word' id='word_1_192' title='bbox 267 2715 423 2780; x_wconf 84' lang='lat' dir='ltr'>tantum,</span> <span class='ocrx_word' id='word_1_193' title='bbox 442 2690 498 2766; x_wconf 90' lang='lat' dir='ltr'>sed</span> <span class='ocrx_word' id='word_1_194' title='bbox 514 2689 698 2786; x_wconf 85' lang='lat' dir='ltr'>injucunde</span> <span class='ocrx_word' id='word_1_195' title='bbox 714 2687 919 2776; x_wconf 86' lang='lat' dir='ltr'>admodum,</span> <span class='ocrx_word' id='word_1_196' title='bbox 943 2691 1109 2782; x_wconf 88' lang='lat' dir='ltr'>repetiit,</span> <span class='ocrx_word' id='word_1_197' title='bbox 1126 2712 1185 2780; x_wconf 93' lang='lat' dir='ltr'>et,</span> <span class='ocrx_word' id='word_1_198' title='bbox 1205 2713 1273 2770; x_wconf 75' lang='lat' dir='ltr'>tra·</span> 
     </span>
     <span class='ocr_line' id='line_1_27' title="bbox 69 2783 1273 2883; baseline 0.008 -29"><span class='ocrx_word' id='word_1_199' title='bbox 69 2786 215 2862; x_wconf 71' lang='lat' dir='ltr'>ditiones</span> <span class='ocrx_word' id='word_1_200' title='bbox 254 2788 324 2862; x_wconf 84' lang='lat' dir='ltr'>effe</span> <span class='ocrx_word' id='word_1_201' title='bbox 358 2785 533 2883; x_wconf 88' lang='lat' dir='ltr'>Scriptura</span> <span class='ocrx_word' id='word_1_202' title='bbox 563 2787 598 2860; x_wconf 91' lang='lat' dir='ltr'>S.</span> <span class='ocrx_word' id='word_1_203' title='bbox 633 2783 765 2858; x_wconf 75' lang='lat' dir='ltr'>firmius</span> <span class='ocrx_word' id='word_1_204' title='bbox 797 2783 1077 2869; x_wconf 88' lang='lat' dir='ltr'>fundamentum,</span> <span class='ocrx_word' id='word_1_205' title='bbox 1108 2785 1273 2868; x_wconf 72' lang='lat' dir='ltr'>dictitare</span> 
     </span>
     <span class='ocr_line' id='line_1_28' title="bbox 69 2879 1271 2969; baseline 0.007 -19"><span class='ocrx_word' id='word_1_206' title='bbox 69 2883 157 2957; x_wconf 73' lang='lat' dir='ltr'>ausui</span> <span class='ocrx_word' id='word_1_207' title='bbox 188 2887 252 2964; x_wconf 87' lang='lat' dir='ltr'>est.</span> <span class='ocrx_word' id='word_1_208' title='bbox 303 2885 406 2960; x_wconf 86' lang='lat' dir='ltr'>Unde</span> <span class='ocrx_word' id='word_1_209' title='bbox 438 2905 517 2956; x_wconf 89' lang='lat' dir='ltr'>cum</span> <span class='ocrx_word' id='word_1_210' title='bbox 542 2879 782 2956; x_wconf 73' lang='lat' dir='ltr'>altercationes</span> <span class='ocrx_word' id='word_1_211' title='bbox 803 2879 914 2956; x_wconf 81' lang='lat' dir='ltr'>esrem</span> <span class='ocrx_word' id='word_1_212' title='bbox 937 2897 1057 2969; x_wconf 84' lang='lat' dir='ltr'>ortae,</span> <span class='ocrx_word' id='word_1_213' title='bbox 1082 2899 1119 2952; x_wconf 87' lang='lat' dir='ltr'>et</span> <span class='ocrx_word' id='word_1_214' title='bbox 1141 2882 1271 2964; x_wconf 79' lang='lat' dir='ltr'>diversi</span> 
     </span>
     <span class='ocr_line' id='line_1_29' title="bbox 68 2973 1273 3070; baseline 0.011 -29"><span class='ocrx_word' id='word_1_215' title='bbox 68 2973 234 3054; x_wconf 85' lang='lat' dir='ltr'>sermones</span> <span class='ocrx_word' id='word_1_216' title='bbox 259 2978 342 3054; x_wconf 89' lang='lat' dir='ltr'>hinc</span> <span class='ocrx_word' id='word_1_217' title='bbox 365 3001 402 3051; x_wconf 85' lang='lat' dir='ltr'>et</span> <span class='ocrx_word' id='word_1_218' title='bbox 428 2977 508 3051; x_wconf 91' lang='lat' dir='ltr'>inde</span> <span class='ocrx_word' id='word_1_219' title='bbox 534 2975 653 3062; x_wconf 86' lang='lat' dir='ltr'>sparsi,</span> <span class='ocrx_word' id='word_1_220' title='bbox 679 2973 865 3048; x_wconf 79' lang='lat' dir='ltr'>Cardinaiir</span> <span class='ocrx_word' id='word_1_221' title='bbox 888 2973 923 3046; x_wconf 89' lang='lat' dir='ltr'>se</span> <span class='ocrx_word' id='word_1_222' title='bbox 946 2973 1172 3070; x_wconf 88' lang='lat' dir='ltr'>interposuit,</span> <span class='ocrx_word' id='word_1_223' title='bbox 1197 3004 1273 3057; x_wconf 55' lang='lat' dir='ltr'>tneo</span> 
     </span>
     <span class='ocr_line' id='line_1_30' title="bbox 74 3065 1269 3165; baseline 0.008 -27"><span class='ocrx_word' id='word_1_224' title='bbox 74 3087 181 3163; x_wconf 81' lang='lat' dir='ltr'>tuens,</span> <span class='ocrx_word' id='word_1_225' title='bbox 216 3101 263 3150; x_wconf 89' lang='lat' dir='ltr'>ne</span> <span class='ocrx_word' id='word_1_226' title='bbox 287 3075 337 3148; x_wconf 93' lang='lat' dir='ltr'>sui</span> <span class='ocrx_word' id='word_1_227' title='bbox 365 3075 411 3148; x_wconf 93' lang='lat' dir='ltr'>ob</span> <span class='ocrx_word' id='word_1_228' title='bbox 442 3071 682 3148; x_wconf 88' lang='lat' dir='ltr'>incivilitatem</span> <span class='ocrx_word' id='word_1_229' title='bbox 713 3065 889 3165; x_wconf 83' lang='lat' dir='ltr'>aRegina</span> <span class='ocrx_word' id='word_1_230' title='bbox 915 3069 1196 3165; x_wconf 80' lang='lat' dir='ltr'>objurgarentur,</span> <span class='ocrx_word' id='word_1_231' title='bbox 1230 3098 1269 3156; x_wconf 87' lang='lat' dir='ltr'>et</span> 
     </span>
    </p>

    <p class='ocr_par' dir='ltr' id='par_1_10' title="bbox 75 3163 1266 3266">
     <span class='ocr_line' id='line_1_31' title="bbox 75 3163 1266 3266; baseline 0.008 -30"><span class='ocrx_word' id='word_1_232' title='bbox 75 3171 111 3236; x_wconf 90' lang='lat' dir='ltr'>ad</span> <span class='ocrx_word' id='word_1_233' title='bbox 138 3191 242 3266; x_wconf 88' lang='lat' dir='ltr'>caput</span> <span class='ocrx_word' id='word_1_234' title='bbox 271 3171 314 3244; x_wconf 88' lang='lat' dir='ltr'>de</span> <span class='ocrx_word' id='word_1_235' title='bbox 349 3173 382 3243; x_wconf 90' lang='lat' dir='ltr'>S.</span> <span class='ocrx_word' id='word_1_236' title='bbox 409 3191 518 3243; x_wconf 89' lang='lat' dir='ltr'>coena</span> <span class='ocrx_word' id='word_1_237' title='bbox 542 3163 742 3256; x_wconf 82' lang='lat' dir='ltr'>revocavit,</span> <span class='ocrx_word' id='word_1_238' title='bbox 769 3186 811 3239; x_wconf 88' lang='lat' dir='ltr'>ac</span> <span class='ocrx_word' id='word_1_239' title='bbox 835 3163 1032 3254; x_wconf 81' lang='lat' dir='ltr'>restrinxit,</span> <span class='ocrx_word' id='word_1_240' title='bbox 1050 3165 1266 3261; x_wconf 84' lang='lat' dir='ltr'>&#39;disputatio-</span> 
     </span>
    </p>

    <p class='ocr_par' dir='ltr' id='par_1_11' title="bbox 77 3259 1263 3364">
     <span class='ocr_line' id='line_1_32' title="bbox 77 3259 1263 3364; baseline 0.005 -28"><span class='ocrx_word' id='word_1_241' title='bbox 77 3280 160 3340; x_wconf 78' lang='lat' dir='ltr'>nem.</span> <span class='ocrx_word' id='word_1_242' title='bbox 209 3268 277 3340; x_wconf 87' lang='lat' dir='ltr'>Sed</span> <span class='ocrx_word' id='word_1_243' title='bbox 313 3287 351 3338; x_wconf 92' lang='lat' dir='ltr'>ut</span> <span class='ocrx_word' id='word_1_244' title='bbox 381 3263 611 3358; x_wconf 84' lang='lat' dir='ltr'>Euangelicor</span> <span class='ocrx_word' id='word_1_245' title='bbox 638 3263 680 3336; x_wconf 89' lang='lat' dir='ltr'>ad</span> <span class='ocrx_word' id='word_1_246' title='bbox 712 3259 838 3335; x_wconf 79' lang='lat' dir='ltr'>incitat</span> <span class='ocrx_word' id='word_1_247' title='bbox 869 3261 1067 3357; x_wconf 80' lang='lat' dir='ltr'>redigeret,</span> <span class='ocrx_word' id='word_1_248' title='bbox 1100 3267 1263 3364; x_wconf 84' lang='lat' dir='ltr'>rogavit,</span> 
     </span>
    </p>

    <p class='ocr_par' dir='ltr' id='par_1_12' title="bbox 75 3354 1274 3456">
     <span class='ocr_line' id='line_1_33' title="bbox 75 3354 1274 3456; baseline 0.006 -25"><span class='ocrx_word' id='word_1_249' title='bbox 75 3373 147 3431; x_wconf 85' lang='lat' dir='ltr'>num</span> <span class='ocrx_word' id='word_1_250' title='bbox 179 3359 408 3456; x_wconf 76' lang='lat' dir='ltr'>Augustnnam</span> <span class='ocrx_word' id='word_1_251' title='bbox 440 3359 625 3448; x_wconf 74' lang='lat' dir='ltr'>admittere</span> <span class='ocrx_word' id='word_1_252' title='bbox 649 3357 778 3432; x_wconf 81' lang='lat' dir='ltr'>veilent</span> <span class='ocrx_word' id='word_1_253' title='bbox 801 3354 1076 3433; x_wconf 80' lang='lat' dir='ltr'>consessionem?</span> <span class='ocrx_word' id='word_1_254' title='bbox 1099 3382 1274 3454; x_wconf 75' lang='lat' dir='ltr'>regerem·</span> 
     </span>
    </p>

    <p class='ocr_par' dir='ltr' id='par_1_13' title="bbox 79 3451 1265 3550">
     <span class='ocr_line' id='line_1_34' title="bbox 79 3451 1265 3550; baseline 0.004 -24"><span class='ocrx_word' id='word_1_255' title='bbox 79 3465 111 3520; x_wconf 89' lang='lat' dir='ltr'>te</span> <span class='ocrx_word' id='word_1_256' title='bbox 133 3455 236 3546; x_wconf 81' lang='lat' dir='ltr'>beza,</span> <span class='ocrx_word' id='word_1_257' title='bbox 262 3481 343 3532; x_wconf 90' lang='lat' dir='ltr'>num</span> <span class='ocrx_word' id='word_1_258' title='bbox 368 3455 477 3534; x_wconf 77' lang='lat' dir='ltr'>totius</span> <span class='ocrx_word' id='word_1_259' title='bbox 500 3451 671 3528; x_wconf 84' lang='lat' dir='ltr'>consessor</span> <span class='ocrx_word' id='word_1_260' title='bbox 693 3451 835 3528; x_wconf 86' lang='lat' dir='ltr'>nominc</span> <span class='ocrx_word' id='word_1_261' title='bbox 860 3453 896 3527; x_wconf 90' lang='lat' dir='ltr'>id</span> <span class='ocrx_word' id='word_1_262' title='bbox 911 3471 1056 3550; x_wconf 84' lang='lat' dir='ltr'>peteret</span> <span class='ocrx_word' id='word_1_263' title='bbox 1080 3455 1265 3532; x_wconf 88' lang='lat' dir='ltr'>Lotbarin-</span> 
     </span>
    </p>

    <p class='ocr_par' dir='ltr' id='par_1_14' title="bbox 81 3546 1426 3748">
     <span class='ocr_line' id='line_1_35' title="bbox 81 3546 1426 3650; baseline 0 -26"><span class='ocrx_word' id='word_1_264' title='bbox 81 3563 156 3638; x_wconf 76' lang='lat' dir='ltr'>gur,</span> <span class='ocrx_word' id='word_1_265' title='bbox 176 3574 263 3642; x_wconf 69' lang='lat' dir='ltr'>etan</span> <span class='ocrx_word' id='word_1_266' title='bbox 281 3550 373 3649; x_wconf 84' lang='lat' dir='ltr'>ipse,</span> <span class='ocrx_word' id='word_1_267' title='bbox 399 3575 440 3630; x_wconf 86' lang='lat' dir='ltr'>ae</span> <span class='ocrx_word' id='word_1_268' title='bbox 455 3549 564 3636; x_wconf 86' lang='lat' dir='ltr'>ceteri</span> <span class='ocrx_word' id='word_1_269' title='bbox 586 3546 783 3650; x_wconf 64' lang='lat' dir='ltr'>Praesuet,</span> <span class='ocrx_word' id='word_1_270' title='bbox 805 3549 983 3644; x_wconf 74' lang='lat' dir='ltr'>inderetis</span> <span class='ocrx_word' id='word_1_271' title='bbox 998 3548 1173 3645; x_wconf 75' lang='lat' dir='ltr'>capitibus</span> <span class='ocrx_word' id='word_1_272' title='bbox 1188 3571 1280 3632; x_wconf 75' lang='lat' dir='ltr'>eam·</span> <span class='ocrx_word' id='word_1_273' title='bbox 1422 3555 1426 3566; x_wconf 87' lang='lat'>&#39;</span> 
     </span>
     <span class='ocr_line' id='line_1_36' title="bbox 91 3639 1356 3748; baseline 0.002 -31"><span class='ocrx_word' id='word_1_274' title='bbox 91 3707 122 3746; x_wconf 32' lang='grc' dir='ltr'>ς,</span> <span class='ocrx_word' id='word_1_275' title='bbox 611 3639 733 3718; x_wconf 78' lang='lat' dir='ltr'>Fsi&#39;n</span> <span class='ocrx_word' id='word_1_276' title='bbox 1120 3645 1269 3748; x_wconf 58' lang='lat' dir='ltr'>anpleog</span> <span class='ocrx_word' id='word_1_277' title='bbox 1347 3677 1356 3698; x_wconf 86' lang='lat'>..</span> 
     </span>
    </p>
   </div>
   <div class='ocr_carea' id='block_1_3' title="bbox 0 0 1587 4434">
    <p class='ocr_par' dir='ltr' id='par_1_15' title="bbox 0 0 1587 4434">
     <span class='ocr_line' id='line_1_37' title="bbox 0 0 1587 4434; baseline 0 0"><span class='ocrx_word' id='word_1_278' title='bbox 0 0 1587 4434; x_wconf 95' lang='lat' dir='ltr'> </span> 
     </span>
    </p>
   </div>
  </div>
 </body>
</html>
