3128 4438
546 171 648 248 Secul.
675 169 777 246 XVI.
1206 197 1273 292 ²⁶3

72 347 146 426 esset
165 349 228 428 hac
252 351 297 429 de
320 376 360 427 re
382 351 556 428 statutum.
604 355 685 452 Joffi
709 353 826 452 itaque
850 353 925 428 sunt
948 375 1068 432 omnes
1090 381 1182 437 arma
1209 363 1270 438 de·

71 469 202 542 ponere,
219 469 255 524 et
282 450 402 550 quiete
426 452 560 524 vivere.
612 449 736 524 Statim
760 473 801 524 ac
827 451 1081 544 pacificationis
1103 459 1173 531 lroc
1198 463 1264 534 de·

71 563 188 618 cretutn
211 569 239 622 a.
268 555 375 638 1566.
399 549 603 638 emmelim,
640 549 804 644 Princeps
829 548 1012 640 Auriacus,
1048 571 1085 624 et
1109 557 1266 632 Comites
1297 639 1304 652 ‚

73 637 297 734 Egmondanus
326 665 368 718 ac
401 643 611 728 Horuanus',
662 645 807 717 liberum
840 645 1015 738 religionis
1054 651 1264 727 exercitium

73 731 103 814 iu
125 736 308 812 Provinciis
346 736 413 812 suis
445 739 704 832 permiserunt,
747 739 803 810 sed
839 737 876 812 in
908 739 1025 834 Regis'
1056 745 1266 838 inexpiabile

74 831 172 904 odium
194 836 290 908 fimul
308 831 531 924 inciderunt,
571 835 659 906 aueo
693 852 730 906 ut
761 853 881 906 eorum
907 841 1056 912 exitium
1078 843 1151 935 jam
1179 863 1264 920 tuuc

73 923 168 1001 semor
195 929 371 1004 statuerit:
412 931 483 1025 ipsa
513 951 649 1026 quoque
687 929 922 1002 Gubernatrix
956 933 1263 1028 decretumsuum

72 1023 207 1098 omniurn
232 1029 346 1120 prima
371 1025 535 1114 violavit,
563 1046 599 1098 ct
624 1025 701 1098 belli
719 1024 850 1114 civilis,
875 1024 910 1098 in
929 1029 1048 1125 Belgio
1065 1033 1159 1120 orti,
1183 1033 1265 1109 fun·

70 1115 209 1192 dameota
228 1123 325 1218 jecit.
373 1123 461 1194 Cum
485 1143 569 1194 vero
592 1123 687 1194 inter
709 1119 803 1217 pacis
824 1121 985 1195 articulos
1006 1123 1111 1214 effer,
1147 1149 1263 1203 extra·

67 1235 141 1287 neos
161 1215 383 1306 Pastores,in
402 1217 510 1311 specie
529 1217 663 1304 Gallos,
688 1217 910 1311 expellendos
927 1217 1173 1318 else,Junius,
1200 1223 1260 1320 qui

63 1305 217 1403 inprimis
235 1313 304 1386 boc
318 1311 463 1385 articulo
479 1317 687 1406 petebatur,
711 1335 802 1386 nova
824 1313 969 1386 incurrit
986 1318 1157 1410 pericula,
1184 1321 1263 1416 qui-

66 1406 119 1478 bos
140 1405 293 1504 fingulari
323 1405 425 1502 saepe
458 1405 526 1482 Dei
558 1429 639 1482 cura
662 1409 788 1498 evalit,
829 1428 867 1482 ut
889 1412 927 1484 in
952 1417 1023 1484 vita
1058 1413 1112 1487 sua
1137 1434 1263 1493 narrat.

65 1499 200 1578 Comitis
230 1502 468 1599 Egtoondani,
507 1505 565 1601 qui
597 1505 724 1600 Bruges
755 1524 928 1594 venerat,
972 1525 1009 1580 ut
1040 1508 1173 1584 diludia
1206 1510 1259 1586 ibi

64 1617 302 1695 componeret,
326 1619 362 1672 et
385 1619 438 1672 res
459 1602 652 1682 ordinaret,
675 1599 763 1692 juffu
788 1601 1046 1695 promulgatum
1071 1604 1139 1676 suit
1157 1605 1260 1682 edic·

64 1709 127 1766 torn
152 1695 187 1767 in
209 1715 317 1792 caput
339 1695 449 1792 Junii,
476 1719 565 1791 quo,
591 1693 614 1764 sr
640 1693 714 1788 quis
739 1715 819 1765 eum
843 1715 987 1787 caperet
1012 1700 1155 1787 vivum,
1190 1709 1264 1780 800

64 1787 174 1863 floreni
196 1791 466 1888 promittuntur,
492 1789 516 1862 sr
538 1807 732 1872 mortuum,
764 1809 850 1876 400.
901 1786 984 1886 Quo
1008 1809 1080 1864 non
1104 1792 1260 1871 obstante

64 1888 237 1976 cnvenit,
276 1889 319 1962 ab
341 1883 493 1960 Ecclesia
524 1883 685 1978 Brugensr
716 1883 904 1978 inportune
930 1881 1082 1976 accitus,
1121 1907 1160 1961 ut
1184 1891 1261 1986 ejus

65 1983 152 2054 rebus
181 1985 393 2070 consuleret,
432 1979 557 2056 vestitu
592 1979 816 2053 caementarii
849 1976 1050 2071 struetorir,
1089 2001 1127 2056 et
1159 1991 1263 2062 rebus

65 2077 196 2168 perailis
227 2079 336 2154 evasit
371 2077 488 2152 salvus.
544 2077 682 2150 Verum
711 2075 941 2171 Antvcrpiam
973 2077 1105 2166 redux,
1145 2077 1181 2154 se
1214 2085 1260 2158 ab

65 2171 221 2248 Ecclesiae
251 2172 445 2248 ministerio
468 2173 714 2268 deprehendit,
749 2189 887 2265 praeter
911 2169 1134 2266 opinionem,
1159 2197 1260 2273 pror·

69 2269 111 2340 lus
130 2271 320 2346 exclusum:
334 2271 499 2364 Princeps
516 2269 609 2342 enim
628 2265 902 2353 Arausionensis,
927 2270 1179 2364 Burggravius,
1198 2273 1259 2350 seu

69 2361 309 2457 vice-Comes,
335 2367 616 2461 Antvcrpianus‚
656 2362 794 2460 parcium
825 2361 918 2434 inter
955 2361 1052 2437 cives
1082 2365 1260 2462 utriusque

70 2460 158 2551 partis
183 2480 447 2558 procuraverat,
472 2484 559 2558 quo,
583 2461 671 2533 inter
691 2461 777 2548 alia,
812 2475 851 2530 ut
872 2455 1046 2531 Ecclesiae
1065 2460 1260 2560 Antvcrpi-

71 2573 137 2626 anae
158 2558 242 2633 duos
266 2579 398 2630 tantum
422 2555 624 2646 Ministros,
650 2557 776 2652 eosque
799 2551 1000 2649 indigenas,
1033 2574 1091 2628 eut
1116 2555 1263 2635 civitate

72 2649 174 2724 alicubi
197 2654 232 2727 in
258 2653 381 2749 Belgio
404 2653 568 2742 donatos,
595 2652 783 2738 haberent,
807 2646 1005 2742 stipulatum
1028 2671 1111 2726 erat.

105 2743 132 2838 i.
155 2749 324 2823 CCLXII.
358 2745 626 2836 Amstelodami,
651 2743 727 2841 post
753 2745 864 2817 varios
888 2746 1070 2832 tumultus,
1102 2770 1156 2822 res
1181 2767 1258 2828 tan·

74 2835 135 2913 dem
158 2845 205 2918 ita
232 2846 328 2918 inter
357 2841 603 2937 Magistratum
621 2862 658 2916 et
682 2841 907 2914 Reformatos
924 2843 1137 2933 composrtae
1156 2843 1258 2939 sunt,

73 2953 102 3004 ut
129 2939 211 3012 aliud
247 2963 311 3034 per
346 2941 465 3010 urbem
499 2961 569 3012 non
609 2939 774 3011 haberent
812 2931 1010 3007 Reformati
1051 2937 1261 3035 Templum,

73 3049 153 3122 qvem
168 3035 441 3124 Minoritarum,
466 3033 582 3110 donec
604 3057 667 3131 per
693 3031 828 3128 Regem
850 3045 886 3100 et
910 3031 1028 3104 Status
1054 3031 1155 3108 aliter
1170 3037 1259 3112 eliet

73 3125 241 3206 decretum.
290 3133 376 3204 Cum
401 3153 488 3204 vero
509 3131 599 3203 hanc
622 3130 839 3216 libertatem,
871 3147 936 3220 qua
960 3149 1045 3201 mox
1079 3127 1126 3204 usr
1157 3131 1260 3225 sunt,

75 3221 228 3320 religionis
253 3227 461 3301 exercitium
480 3226 665 3318 auspicati,
689 3243 725 3297 et
742 3223 777 3298 S.
802 3243 947 3296 coenato
962 3221 1261 3322 administrantes,

76 3313 726 3408 lividiroculisintuerenturLotherani,
744 3317 804 3416 qui
823 3339 882 3391 eos
899 3318 1082 3413 perversae
1105 3319 1262 3417 deprae-

76 3407 166 3489 sentia
181 3417 307 3492 Christi
325 3419 360 3491 in
377 3419 410 3492 S.
419 3439 527 3492 coena
541 3415 730 3490 sententiae
745 3437 824 3487 reos
837 3417 1001 3510 agebant,
1020 3417 1195 3511 Johannes
1210 3417 1264 3490 As

74 3513 343 3597 sinuationem
352 3512 591 3587 Reformatum
601 3511 648 3584 ibi
664 3532 788 3606 agens,
811 3511 1017 3593 utmala,ex
1034 3511 1262 3608 Protestanti·

75 3605 263 3693 mdlffidiit
277 3607 439 3702 oriunda,
461 3608 706 3777 praevenilgekt,
732 3607 872 3704 publice
887 3604 923 3680 in
941 3605 1092 3699 Templo
1108 3601 1265 3680 Minori.

703 3723 728 3794 4
1150 3717 1262 3800 tarum
