3098 4436
280 309 289 389 l
546 255 655 340 Strui.
681 255 782 342 XVI.
1202 305 1269 381 331

57 429 125 506 fuse
153 433 325 511 enarravit
358 437 440 536 Joh.
473 437 612 530 Funus,
646 439 706 515 lib.
739 444 991 541 cit.a.1538.
1047 449 1129 552 Quo
1153 455 1267 554 fatto,

56 549 128 600 cum
151 531 230 604 Rex
256 536 299 607 ad
324 539 459 608 coelum
483 537 589 632 usque
613 537 844 611 celebraretur
868 563 886 612 a
911 544 1031 620 zelotis
1049 549 1265 647 Pontificiis,

57 625 275 702 Reformatos
303 631 345 703 ab
372 653 417 704 eo
452 647 612 728 ternpore
647 633 798 728 instituit
828 639 1003 735 persequi,
1038 663 1075 716 et
1103 652 1264 748 antiquae
1341 728 1344 739 ,

55 720 132 793 fiuei
161 723 354 798 firmandae
392 726 550 822 inpendit
582 744 745 822 operam:
776 751 822 820 eo
857 743 983 900 magis,
1019 741 1112 836 quod
1147 748 1265 824 Fortun

57 815 155 888 suerit
191 839 379 909 mortuus,
426 821 623 920 Episcopus
672 824 910 901 Herelordien
926 853 975 921 rs,
1017 835 1074 908 cui
1114 845 1263 920 multum

56 915 238 1004 inbuebat,
267 917 396 1012 quique
422 918 515 990 forte
540 921 643 993 etiarn
671 919 861 1014 effecillet‚
888 945 926 998 ut
949 949 1029 1004 curn
1045 931 1264 1035 Principibus

53 1005 315 1086 protestantibus
352 1013 388 1084 in
429 1015 613 1088 Germania
652 1013 838 1112 pepigisset
870 1017 1009 1110 foedus,
1043 1029 1099 1102 cui
1126 1050 1261 1110 tanturn

54 1102 212 1194 obstabat,
247 1107 344 1204 quod
376 1114 662 1183 communionem
693 1113 752 1185 sub
776 1134 919 1210 utraque
943 1119 1079 1213 specie,
1110 1125 1261 1224 linguam

54 1202 259 1276 vernaculam
295 1204 332 1276 in
364 1204 486 1292 sacris,
519 1225 554 1276 et
577 1207 1002 1304 conjugiaClericorum,
1030 1218 1135 1318 nimis
1160 1246 1262 1319 urge·
1290 1239 1294 1252 ·

53 1313 121 1368 rent
153 1297 345 1372 Germani:
382 1300 425 1370 de
451 1299 572 1398 quibus
594 1302 778 1397 capitibus
808 1303 923 1381 nilum
954 1309 1069 1386 fuisset
1094 1318 1258 1412 ulterius,

56 1409 87 1460 et
110 1392 197 1464 sorte
223 1393 454 1485 trunlassutn,
490 1395 551 1469 nili
572 1397 667 1471 Fons
690 1397 932 1476 interveniliet
957 1407 1083 1486 obitus.
1131 1415 1262 1491 Acces-

53 1483 87 1554 srt
106 1489 214 1562 adhuc
242 1491 481 1564 inmoderatos
497 1493 722 1584 Stiiaxtonis,
749 1515 788 1568 et
804 1497 943 1575 aliorum
960 1505 1148 1583 zelotarum
1167 1509 1261 1586 inter

54 1580 271 1676 reformatos,
294 1584 502 1682 inportunus
522 1591 633 1678 zelus,
660 1613 730 1686 quo
759 1591 869 1688 Regis
895 1596 1026 1672 animus
1051 1603 1159 1700 magis
1186 1605 1256 1683 fuit

56 1683 89 1747 alr
110 1679 148 1752 iis
170 1681 375 1773 abstrusius,
405 1705 471 1757 nec
489 1705 560 1757 non
580 1686 754 1758 inminuta
769 1689 946 1792 Cranmeri
965 1695 1134 1789 potestas,
1160 1723 1256 1776 mor'·

59 1791 111 1842 tuo
134 1777 252 1868 Foxo,
278 1799 316 1850 et
343 1797 486 1873 utraque
509 1778 648 1874 Regina
670 1800 690 1850 e
713 1779 832 1860 medio
856 1784 976 1860 ablata.

98 1868 125 1966 i.
146 1873 394 1948 CCCXXXlll
427 1875 512 1945 Cum
532 1893 619 1946 vero
639 1873 717 1948 lites
742 1873 922 1972 religionis
939 1881 1037 1954 causa
1054 1881 1159 1958 vellet
1174 1891 1257 1964 abo·

60 1960 123 2035 litas
148 1968 344 2057 Henrieus,
370 1969 463 2043 simui
493 1970 533 2042 in
554 1973 806 2066 g'ratiamcum
835 1971 1030 2075 Pontifieiis
1055 1979 1190 2074 redire,
1217 2005 1255 2064 ut

61 2065 267 2138 autoritatem
304 2066 423 2156 suam,j
449 2085 487 2138 et
518 2063 800 2139 monasteriorum
829 2071 973 2166 totalem
1006 2073 1256 2180 abulitionem,

62 2153 177 2230 lucilius
209 2179 462 2256 promoveret,
494 2159 664 2236 articulos
689 2161 850 2258 quosdam
874 2159 956 2240 fidei
980 2185 1009 2244 a.
1037 2193 1142 2268 1539.
1167 2198 1256 2256 con.

62 2251 173 2324 cinnari
195 2249 302 2351 jusit.
350 2256 453 2331 Circa
480 2279 566 2353 quos
590 2280 668 2330 cum
687 2257 854 2353 Episcopi
879 2261 993 2336 secum
1014 2263 1252 2379 dissentirent,

62 2342 129 2420 llus
152 2350 374 2426 Nortsolciae'
398 2354 455 2426 sex
478 2351 625 2449 quaesita
649 2351 833 2449 proposuit
856 2353 1091 2452 Parlamento,
1116 2389 1161 2438 ex
1175 2373 1254 2464 quia

63 2437 129 2530 bus,
161 2447 324 2543 quicquid
367 2447 663 2527 contraniteretur,
699 2451 924 2539 Cremerae,
958 2454 1013 2553 ni„
1035 2457 1094 2554 serr
1117 2462 1253 2552 articuli

64 2533 125 2608 lunt
148 2541 318 2631 eonfee‘ti',
358 2565 397 2618 r.·
417 2541 832 2618 Transubstantiatiooem
866 2543 934 2653 else
970 2551 1177 2664 credendam
1217 2551 1255 2666 pi

66 2639 334 2712 commeationem
359 2637 418 2713 sub
441 2645 516 2712 ²una
551 2640 668 2736 specie
697 2637 888 2736 legitimam
921 2639 988 2716 effe
1021 2649 1245 2750 3.·Clericis'

66 2726 129 2817 poll
146 2733 459 2822 consectationem,
485 2751 556 2806 non
584 2733 686 2808 licere
712 2734 850 2830 nuptias
874 2742 1093 2841 contrahere:
1118 2715 1254 2852 4.Vd{

68 2828 333 2917 concauitate,
368 2847 404 2902 et
429 2850 461 2920 5.
487 2827 694 2924 millas'pro
720 2827 913 2924 defuntus
945 2829 1072 2914 servari
1105 2843 1248 2923 debere·
1298 2887 1300 2894 =
1336 2837 1339 2842 ’
1432 2819 1439 2834 ’

67 2912 194 3017 denique
226 2933 261 3001 6.
286 2924 539 2999 consessionem
573 2919 795 3000 auricularem
818 2926 887 3001 elle
926 2931 1109 3012 utriem'i't
1126 2939 1219 3024 “nece
1235 2985 1252 3006 ·

67 3005 175 3090 sariam.
221 3021 353 3096 Sanciti
376 3043 514 3118 quoqne
539 3019 616 3101 lunt
646 3019 785 3130 articuli
820 3044 935 3116 poena
967 3030 1093 3130 mortis
1122 3024 1254 3116 'contra'

68 3123 131 3196 cor,
153 3113 207 3209 qui
230 3117 264 3191 st
287 3113 331 3190 iii
356 3113 603 3212 opposuerint,
623 3121 685 3189 ·'ne
711 3115 852 3212 qurtlern
877 3139 942 3230 pep
964 3125 1251 3228 renotationem*

68 3209 511 3301 irrevenie'rlde‚''sententia
537 3231 674 3301 tamen,
699 3233 772 3284 noo
795 3233 814 3283 a
839 3213 1002 3302 Cleucir.
1035 3221 1091 3297 sed
1116 3224 1252 3320 secula·

69 3291 142 3372 tibur
163 3306 424 3400 pronunciari'ds.
459 3301 694 3402 ,inquisitores
723 3306 827 3382 etiam
859 3309 938 3385 sunt
969 3311 1139 3412 instituti,
1166 3329 1250 3423 quig

70 3403 127 3464 lou
149 3406 324 3493 contenti,
352 3403 465 3502 inquit
489 3405 603 3478 Foxns
624 3403 647 3476 l.
669 3403 726 3492 'c.,
750 3401 833 3574 lepis
857 3413 981 3504 propriu
999 3414 1103 3510 rigori
1119 3421 1250 3588 adpen.

70 3481 145 3591 dicer
166 3497 378 3594 adjecerunt,
410 3519 464 3593 ex.
490 3522 562 3596 gn,
587 3497 680 3594 quod
713 3499 769 3572 Mi
800 3521 854 3574 am
889 3525 959 3578 non
982 3505 1138 3604 adirent,

72 3595 104 3684 et·
125 3603 184 3693 ‘39¹¹
216 3597 495 3682 adversarentur,
527 3591 633 3671 rarius
676 3589 934 3706 frequentarent
968 3599 1178 3714 Templum,
1211 3607 1252 3691 in

71 3664 168 3828 βψω
186 3689 304 3790 aliquid
328 3690 532 3767 seulement
549 3703 655 3857 etezT
670 3685 806 3860 {igibus
838 3689 1113 3794 statuminetur,
1135 3701 1253 3886 pcepp'ieo
1280 3739 1284 3746 ·

1178 3515 1249 3594 'cet
