3128 4438
530 257 577 298 ,η
632 182 738 259 decus.
768 177 871 256 XVI.
921 281 931 292 Δ,
1094 265 1102 280 ἱ
1306 187 1380 278 189

130 355 319 455 publicam
350 356 478 434 indixit
502 359 775 458 disputationem
809 359 855 434 de
883 357 1093 453 Imaginibus
1120 357 1157 434 in
1185 355 1300 456 primis
1322 378 1365 438 et

128 453 264 550 Miffir.
316 455 464 531 Inuitati
494 459 571 532 sunt
607 459 649 532 ad
669 459 914 551 Colloqninm,
953 453 1361 550 quinamentorum.

124 551 301 626 habitum
325 552 394 641 est,
421 573 560 648 praeter
575 554 659 626 alios
682 549 872 648 Episcopi,
897 551 1185 639 constantiensis,
1213 551 1361 626 Corien·
1396 627 1398 630 ,

122 645 184 730 ,fis
207 669 247 720 et
268 647 482 735 Bafileensrs,
509 671 670 723 unacum
693 647 926 724 Universrtate
942 645 1145 738 Basrleenfi,
1170 642 1233 739 ipsi
1255 647 1360 722 etiam

133 741 329 822 duodecim
358 747 555 838 Cantones,
587 765 624 818 ut
654 743 749 822 viros
772 743 893 817 dofios
916 745 1110 817 mitterent.
1159 745 1226 817 Sed
1250 766 1360 838 vene·
1509 796 1512 805 -

130 857 224 910 runt
247 859 290 914 ers
317 841 391 914 solo
419 841 685 936 Schaphusano,
727 861 765 912 et
790 839 1022 936 sangallenses
1052 841 1253 937 ablegarunt
1276 842 1360 937 Joa·

124 931 289 1009 chinum
330 935 530 1011 Vadianurn
567 937 776 1024 Consulem,
825 958 867 1008 ac
908 937 1142 1034 Burgaverum
1174 933 1360 1012 Pastorem.

123 1027 274 1104 Habita
299 1030 349 1106 est
362 1029 552 1127 disputatio
577 1028 692 1128 lingua
718 1029 947 1120 Germanica,
977 1031 1130 1118 uaesrde
1156 1055 1236 1108 cum
1268 1035 1357 1108 duo·

126 1123 202 1199 bus
225 1128 301 1201 aliis
326 1127 509 1215 Vadiann,
540 1149 656 1200 coram
678 1128 865 1224 nongentis
887 1125 1121 1218 auditoribus,
1152 1126 1245 1200 inter
1268 1149 1357 1222 quoa

124 1241 213 1315 350
235 1241 336 1296 erant
360 1221 574 1300 sacrificuli..
608 1225 764 1296 Examen
790 1221 903 1317 primo
934 1222 1039 1296 subiit
1062 1220 1169 1296 thesis
1199 1225 1243 1296 de
1260 1223 1355 1296 linu-

1 1358 2 1380 ι
94 1315 104 1334 “
117 1319 290 1412 giuibus,
317 1342 404 1408 quae
430 1317 687 1408 habebamus
708 1315 1020 1415 aduersoriScrips.
1046 1321 1102 1406 8.,
1134 1320 1271 1414 adeoque
1296 1343 1355 1396 nec

145 1415 327 1505 aciendu,
353 1439 411 1488 nec
435 1417 625 1508 erigendus,
651 1437 708 1486 nec
734 1417 881 1492 colendus
905 1412 977 1509 este.
1029 1415 1142 1515 Quam
1175 1439 1254 1492 cum
1280 1418 1356 1492 Leo

1 1545 2 1580 t
147 1508 247 1582 udae
271 1509 445 1606 probasset
465 1509 699 1606 eScriptura,
725 1532 763 1584 et
785 1509 1024 1607 objectiones,
1048 1536 1068 1584 a
1096 1513 1206 1608 tribus
1228 1513 1353 1588 Eccle-

120 1603 277 1680 siasticis
297 1605 421 1698 lassas,
446 1605 644 1692 refutasset,
678 1627 824 1704 rogante
847 1605 1026 1695 Praefide,
1056 1627 1140 1680 num
1165 1608 1243 1704 quis
1265 1609 1353 1688 ima·

119 1698 233 1798 §nea
257 1723 278 1774 e
301 1703 480 1798 Scriptura
512 1699 699 1775 defendere
725 1701 854 1790 vellet,
889 1721 1011 1774 ornnes
1037 1699 1192 1798 pastores
1214 1723 1353 1794 escon·¹

119 1795 333 1870 cionatores
360 1798 475 1886 urbis,
501 1815 539 1870 et
573 1795 743 1870 Cantonis
767 1791 960 1891 Tigurini,
987 1795 1022 1866 se
1047 1797 1139 1868 nolle
1163 1795 1354 1886 responde·
1412 1801 1416 1809 '

1 1895 2 1953 l
121 1909 227 1966 runt.
279 1891 428 1992 Quando
453 1892 555 2000 hujus
580 1889 652 1966 diei
681 1891 857 1966 sessionem
884 1887 1051 1964 conclusit
1075 1889 1234 1982 Praeses,
1266 1893 1352 1970 Deo

152 2010 200 2060 ro
225 1987 381 2062 successu
404 2009 532 2088 granas
555 2011 681 2081 agens,
706 2009 741 2060 et
767 1984 1018 2080 aMagistratu
1037 2005 1184 2084 petens,
1210 2006 1249 2062 ut
1264 1981 1352 2068 a'bos

120 2012 285 2158 sinentur
312 2083 502 2180 imagines,
533 2101 569 2154 et
587 2082 795 2158 incarcerati
822 2083 1026 2159 liberentur.
1080 2081 1178 2158 Dein
1202 2086 1348 2164 alteram

121 2178 265 2268 thefin,
296 2179 420 2278 ruffum
449 2204 508 2253 nou
531 2175 591 2272 effe
608 2178 837 2288 sacrificium,
881 2201 940 2252 uec
964 2180 1146 2254 hodiernam
1168 2183 1242 2278 ejus
1265 2187 1363 2258 cele«

124 2277 311 2350 sturionem
334 2280 498 2350 convenire
528 2273 747 2370 institutioni,
789 2297 826 2348 rn
848 2273 1002 2348 medam
1035 2275 1225 2371 prolatam,
1265 2300 1350 2358 cum
1488 2285 1498 2326 '¹

126 2371 367 2468 Zuiuglius'e
393 2373 571 2468 Scriptura
596 2371 631 2444 S.
655 2369 848 2467 probasset,
891 2368 1073 2478 praecipui
1096 2369 1350 2448 Ecclesiastico·

126 2489 232 2554 rum,
257 2466 304 2538 de
326 2467 501 2542 sententia
523 2465 752 2562 interrogati,
785 2465 842 2538 alii
867 2465 956 2538 nihil
981 2466 1249 2562 responderunt,
1289 2467 1349 2544 alii

126 2564 172 2637 ad
198 2563 345 2659 spuriam
372 2559 561 2640 Clementis
584 2561 733 2634 Rotnani
759 2559 939 2656 epistolam
966 2561 1007 2634 ad
1023 2562 1191 2658 Jacobum
1216 2587 1350 2660 proven,

127 2678 273 2745 carnot,
306 2657 366 2746 alii
397 2655 601 2733 consensum
631 2655 865 2743 declararunt,
906 2679 1013 2730 nemo
1052 2656 1126 2752 ejus
1154 2656 1347 2756 suscepite

129 2754 313 2852 Scriptura
341 2749 605 2828 refutationem.
669 2753 948 2827 Pronuntiarnnt
983 2751 1100 2848 itaque
1140 2755 1344 2857 Praesides,
1472 2755 1475 2768 '

130 2853 289 2924 Coenam
315 2845 385 2924 else
408 2869 542 2923 tantum
564 2849 937 2922 commemorationem
970 2851 1094 2921 mortis
1116 2848 1265 2946 Christi,
1307 2878 1347 2934 ec

128 2947 290 3044 Sigillum
307 2943 414 3034 fidei,
438 2949 594 3042 adeoque
610 2943 750 3020 Missam
774 2965 856 3017 cum
881 2944 948 3017 suis
971 2945 1169 3018 cerimoniis
1186 2970 1257 3022 non
1274 2953 1346 3031 else

126 3041 322 3118 serendam.
371 3039 505 3139 Quibus
528 3039 692 3136 peronia,
722 3039 966 3116 confirmatum
1001 3039 1053 3111 ell
1076 3040 1267 3117 Praesrdum
1287 3049 1352 3145 ju.

126 3138 260 3215 dicium
286 3159 306 3209 a
331 3135 562 3234 Magistratu,
588 3155 625 3209 et
650 3133 851 3210 executioni
875 3134 1095 3225 mandatum,
1120 3136 1346 3225 incarceratis

126 3255 269 3348 qnoque
292 3233 464 3325 liberatis,
490 3251 628 3308 tanturn
656 3231 894 3326 Hottingero,
930 3233 1021 3328 quod
1045 3231 1283 3328 inprudentius
1307 3265 1346 3322 et

124 3330 295 3416 feminus
311 3326 451 3428 egisset,
475 3326 513 3404 in
538 3326 693 3424 cassium
709 3327 745 3399 in
769 3325 949 3406 biennium
976 3325 1089 3405 misso.
1137 3329 1342 3418 Permissum

128 3452 251 3511 umen
274 3427 338 3520 iis,
367 3423 606 3524 qainondam
632 3421 793 3498 convifli
819 3441 938 3514 erant,
963 3421 1014 3497 est
1038 3423 1174 3498 Missam
1202 3429 1342 3527 facere,

125 3529 235 3606 modo
264 3521 299 3597 id
318 3523 487 3598 decenter
519 3519 599 3610 fiat,
632 3536 669 3593 et
700 3519 902 3614 Scripturae
943 3517 1194 3612 conformiter,
1235 3550 1344 3622 porro

125 3623 266 3724 auique
293 3617 408 3718 parti,
431 3633 472 3694 ut
494 3613 741 3786 concorditeg¹
738 3613 863 3692 vivant
865 3669 883 3710 ,
909 3612 1104 3715 iniunc'lum
1118 3613 1189 3692 cll.
1236 3623 1349 3722 Licet

279 3743 315 3766 ··
544 3739 546 3748 ’
748 3733 817 3810 aa
1260 3735 1350 3822 ves,
