3148 4434
494 121 529 146 ⁰·
576 127 680 207 secat.
710 123 863 204 nrr.·.·
911 129 917 138 ·
1237 148 1310 232 477

52 301 277 398 ‘Caluinum
303 307 341 382 et
359 305 428 382 see.
454 305 713 383 XV11.denuo
740 305 944 396 ediderunt,
970 303 1170 403 vigentibus
1187 309 1301 409 dispo·

60 408 276 480 nationibus
309 405 545 491 Arminium,¹
575 425 619 476 ut
644 407 810 478 invidiam
843 403 998 476 facerent
1024 407 1191 495 Calvino,
1217 431 1297 484 cum
1466 413 1474 448 ⁸

58 503 255 580 nonnullis
294 503 397 574 etiarn
428 501 685 574 additamentis.
734 501 882 573 Etr-noc
912 501 1014 571 etiam
1050 503 1138 576 libro
1162 505 1297 598 historia

56 595 304 685 Serretiest,
331 620 433 670 runnu
456 595 628 683 Preciffii‚
655 595 851 683 sociniani',
876 615 1030 684 exarata,
1052 621 1152 691 quarn
1180 602 1294 695 publi.

42 695 167 768 vcavit
192 689 479 788 Utenbogardus.
514 689 643 788 Quam
669 691 692 764 st
717 692 952 779 admittamus,
984 713 1013 763 r.
1035 693 1197 770 Calvinus
1225 719 1293 794 pro

55 809 192 864 autore
225 789 328 882 capti
360 787 497 861 Serveti
531 791 691 862 Vtennae
722 789 793 859 crit
825 787 1017 874 habentur,
1063 811 1124 880 per
1157 792 1292 867 litteras

5 961 7 974 ,
56 885 243 959 Gulieirni
274 885 373 981 Try,
399 881 653 979 Lugdunenfis,
680 903 764 955 tunc
792 879 956 952 Generae
980 883 1120 972 versati,
1146 889 1186 958 ad
1203 887 1289 964 anri.

3 1041 4 1046 ,
55 1003 142 1054 cum
170 977 352 1070 quendum
381 977 666 1072 Lugdunensem,
700 980 822 1073 quibus
843 977 935 1050 inter
958 976 1021 1048 alia
1047 977 1211 1072 scriptum
1236 986 1289 1058 efi-

57 1083 134 1163 ter,
161 1097 226 1146 nos
252 1097 317 1146 nort
330 1071 482 1167 feremus
504 1075 704 1162 haereticos,
729 1095 878 1148 cernuos
901 1074 1076 1164 potiamini
1091 1077 1289 1152 Micltnelenr

56 1175 264 1256 Strictum,
289 1173 442 1244 hominem
467 1172 607 1245 manime
627 1171 824 1244 haereticum
851 1201 904 1219 -··
927 1203 980 1222 -
1005 1201 1058 1232 r·-
1081 1175 1110 1243 ir
1132 1175 1214 1249 nunc
1239 1173 1291 1270 eli
1353 1177 1360 1196 ⁸

57 1267 216 1342 Viennae
243 1269 281 1338 in
304 1268 367 1338 ruli
397 1269 483 1340 domo
514 1285 582 1340 ctc.
633 1287 665 1338 2.
690 1267 891 1354 servotum,
926 1261 984 1336 die
1003 1263 1186 1341 dominico
1212 1271 1289 1342 Ge.
1360 1295 1365 1304 ·

53 1384 194 1437 nevam
223 1359 423 1454 adpulsum,
451 1383 488 1435 et
514 1361 691 1436 eatvinum
715 1383 782 1457 pro
800 1359 981 1462 concione
998 1359 1216 1455 audientem,v
1242 1366 1290 1442 ab

55 1455 140 1553 ipio
175 1453 407 1551 recognitum
441 1475 479 1530 et
510 1457 659 1530 delatum
690 1455 802 1531 fuiffe.
852 1479 883 1550 3.
918 1455 1120 1548 Servetum,
1152 1481 1196 1533 ne
1219 1461 1290 1536 alia

52 1555 162 1648 supra
187 1571 386 1626 memorata
410 1573 586 1646 repetam,
611 1550 678 1646 riso
703 1555 799 1644 igne,
825 1553 875 1625 ita
892 1552 1080 1626 horrendum
1102 1555 1304 1652 ruciamosg.

48 1649 115 1746 se,
151 1667 192 1720 ut
229 1646 413 1740 universum
440 1652 592 1740 ‘populum
625 1643 901 1740 perterrefacerit,
928 1669 997 1715 curn
1022 1648 1286 1743 diu'iungnrrrr,

48 1741 167 1841 fuiffi
202 1763 219 1811 r
252 1743 380 1833 popato,
414 1746 465 1834 qui
496 1739 682 1834 fasciculos
715 1739 905 1835 confertim·
927 1743 1152 1830 conjecerunt3
1183 1750 1287 1838 ipsum

60 1859 202 1936 porro,
239 1835 395 1906 horrenda
427 1857 501 1908 voce
535 1837 745 1924 currentem,
779 1833 887 1929 Jrsn,
918 1831 981 1903 Fili
1016 1833 1105 1909 Dei!
1137 1839 1286 1933 miserere

58 1937 152 2019 mei,
185 1929 262 2040 pest
287 1930 439 2004 dimidiae
458 1928 538 2024 serr
567 1931 662 2004 horae
689 1935 869 2022 crucinam
899 1925 1085 2025 exspirnffe.
1124 1953 1160 2022 4.
1187 1935 1286 2008 Mul·

60 2047 99 2103 ae
124 2027 285 2100 crimina
310 2025 345 2096 in
371 2049 416 2096 eo
441 2025 598 2100 facinore
623 2024 744 2116 fuisse,
771 2052 789 2102 a
813 2025 880 2122 piis
901 2023 1129 2121 reprehensa,
1155 2051 1211 2104 en.
1228 2031 1292 2122 gn',

62 2121 161 2220 quod
208 2145 244 2195 a.
282 2119 449 2194 Generne
487 2121 607 2219 aliquis
648 2121 755 2195 fuerit
791 2125 837 2196 ob
877 2121 1079 2216 religionem
1115 2125 1287 2222 supplicio

63 2215 229 2311 capitali,
258 2221 290 2291 b.
310 2236 380 2290 tam
396 2215 546 2304 crudeli,
567 2215 739 2308 adfectus,
765 2241 793 2293 c.
812 2217 874 2313 ipfi
892 2217 969 2290 libri
986 2223 1200 2293 concremati
1216 2221 1288 2296 stno

66 2316 100 2388 ti.
126 2313 272 2386 Calvini
301 2332 408 2409 opera
437 2310 603 2386 effaetum
629 2311 689 2401 fit,
722 2314 780 2410 qui
805 2333 843 2386 et
865 2313 1097 2388 accusatorem
1124 2317 1287 2393 suborne·

65 2410 141 2497 vit3
175 2405 332 2504 denique
362 2431 392 2482 r.
416 2407 488 2497 ipte
517 2407 769 2504 postmortem
802 2409 911 2482 fuerit
944 2409 1080 2502 publice
1108 2433 1173 2504 pro
1194 2433 1285 2505 con.

66 2504 172 2578 cione
196 2503 243 2578 ed
267 2521 448 2576 aeternum
472 2507 720 2578 condemnatus
745 2503 968 2598 supplicium,
1000 2523 1035 2574 et
1060 2507 1218 2580 Caiuinus
1241 2509 1289 2584 in:

67 2621 149 2672 eum
180 2597 352 2672 detonare
375 2600 567 2690 perrexerit
593 2599 629 2670 in
655 2600 758 2672 libris.
806 2601 883 2685 Sic,
908 2599 945 2670 in
971 2598 1167 2691 refutatione
1194 2601 1282 2675 rrr'r·

67 2719 137 2769 rum
163 2695 316 2781 Serme,
340 2713 420 2764 eum
443 2688 534 2764 inter
558 2694 620 2766 alia
643 2693 825 2790 obscoenum
848 2715 958 2766 canem
983 2695 1155 2790 adpettat‚·
1164 2695 1286 2794 falsaq

67 2793 152 2862 rium
172 2787 384 2881 Scripturas,
417 2801 450 2860 et
473 2787 630 2882 perfidum
653 2791 845 2862 ecbatanam.
898 2789 1025 2861 Contra
1050 2791 1142 2863 hunc
1164 2813 1281 2869 autern

67 2883 203 2957 eatvini
229 2882 455 2956 refutantem
479 2881 617 2978 scripfit
642 2885 731 2957 Beza
756 2880 940 2957 infaustum
966 2885 1085 2957 librum
1109 2887 1152 2958 de
1169 2889 1282 2963 haere·

66 2982 197 3054 tiridr'o:
233 2979 287 3051 uti
320 2995 441 3050 notum
471 2976 533 3052 est.
584 2979 791 3052 Renovatae
822 2999 909 3048 vero
941 2977 1015 3051 sunt
1040 2980 1104 3052 hae
1127 2982 1283 3074 disputa·

70 3076 184 3148 tioncr
216 3071 373 3156 maxime
403 3071 438 3144 in
469 3073 666 3169 regionibus
689 3071 836 3170 Belgicis
858 3070 926 3146 sec.
951 3073 1092 3161 XVH„
1119 3078 1281 3171 quando,

69 3168 183 3243 invito
215 3167 297 3242 licet
328 3188 366 3240 et
406 3189 624 3265 repugnante
659 3169 871 3266 Episcopio,
910 3168 961 3240 uti
1001 3167 1037 3240 in
1078 3169 1224 3258 litteris,
1260 3197 1281 3250 a

71 3263 279 3360 Limburgio
302 3262 427 3353 editio,
459 3265 587 3360 prodiit
611 3265 694 3338 iiber
717 3267 852 3340 Serveti
877 3262 920 3334 de
944 3267 1103 3360 erroribus
1131 3265 1282 3344 Trinita-

70 3368 136 3449 tis,
157 3385 188 3435 a.
218 3365 324 3434 1620.
349 3355 465 3455 lingua
490 3358 647 3458 Belgica,
672 3381 796 3436 autore
813 3361 976 3453 Regnero
995 3361 1164 3437 Vitellio:
1191 3386 1282 3459 qnae

56 3474 228 3528 accurata
270 3451 321 3527 est
354 3452 490 3552 versio,
521 3475 560 3531 et
591 3473 744 3532 mentem
769 3456 925 3535 auctoris
951 3455 1076 3530 clarior
1108 3459 1283 3548 exhibet,

74 3549 434 3656 perexpectent
536 3649 739 3764 „90⁰3
823 3671 824 3675 r
934 3645 967 3750 ς,
990 3642 1285 3746 εοοοιΧΧνῐ,
