3170 4430
299 139 414 226 ⁵488·
704 127 855 228 IDfloria
879 124 1007 230 Earsos.
1032 121 1155 231 Christ.
1201 217 1203 224 Ι

323 305 440 420 thaeus
471 303 666 398 Grilaldur,
699 306 758 404 qui
790 305 826 382 in
853 309 983 406 scripto
1015 305 1190 406 quodam,
1223 294 1308 374 telle
1329 291 1482 370 Lubicnlcio

324 407 348 480 l.
371 424 456 492 cib,
481 404 625 492 adserit,
647 400 690 501 se
713 421 781 477 tres
807 421 954 480 aeternos
986 405 1155 500 Spiritus,
1187 421 1247 472 oon
1269 389 1400 488 confusor
1416 389 1485 481 spiri·

324 517 399 614 tet,
414 497 477 594 sed
496 502 602 596 gradu
624 521 811 596 numeroque
830 503 1014 598 dilliniior,
1035 503 1097 595 pia
1115 511 1220 572 mente
1235 490 1399 587 torriplrili,
1416 484 1486 556 Dim

327 597 468 682 dilium,
501 617 534 670 et
564 598 723 690 Spiritum
747 603 782 672 δ’.
808 603 865 672 urii
886 597 1015 694 sommo
1038 597 1111 670 Deo
1134 609 1169 663 et
1198 591 1313 674 Patri,
1341 605 1429 657 rerun
1445 599 1485 646 iii·

325 697 412 766 aiam
436 695 564 781 autori,
597 696 647 765 ita
671 696 897 785 subordinari,
931 711 967 767 ut
993 697 1094 766 omnir
1129 688 1216 762 ratio
1239 683 1376 756 Deitatis
1396 671 1486 746 atilli

324 805 357 864 et
390 791 532 880 Spiritus
564 789 621 878 8.,
654 789 849 886 aliorumque
881 790 1058 888 coelestiam
1100 785 1281 880 Spiritaiao
1309 764 1488 856 onnion,ol

326 907 424 956 onum
451 885 540 956 illurn
554 883 661 980 solari
679 885 786 958 Deam
810 889 966 974 Patrem,
986 891 1109 981 origine
1135 894 1314 962 carentem,
1335 885 1365 942 et
1379 859 1488 959 ostoli

326 981 454 1068 Deoia,
488 995 641 1074 tanquam
668 982 712 1054 ad
734 984 861 1056 unicani
877 980 1026 1078 sontem,
1059 997 1092 1054 er
1119 990 1221 1070 eaput
1245 973 1339 1044 oiniiii
1361 959 1488 1058 essemiar,

327 1093 361 1152 et
385 1075 593 1166 diuinitatis,
619 1079 734 1152 merito
757 1075 933 1172 referatur.
980 1075 1063 1150 Fuit
1084 1093 1204 1148 autem
1223 1069 1321 1140 lCtut
1336 1055 1489 1156 Patavina,

329 1173 421 1248 haud
446 1170 627 1244 incelebris
649 1173 702 1248 illa
732 1173 769 1244 in
795 1175 920 1247 Schola
947 1169 1143 1260 Professor,
1180 1163 1240 1259 qui
1266 1147 1491 1238 Franciscospi·

329 1289 409 1353 rae,
443 1265 571 1341 sorensi
607 1287 644 1338 et
683 1266 852 1341 causidico
880 1267 919 1341 in
953 1267 1084 1364 oppido
1117 1257 1344 1338 Veneriorum
1371 1239 1489 1320 Ciiadrlla

330 1363 433 1436 valde
456 1361 669 1472 epercitato,
695 1361 734 1436 in
768 1365 1026 1456 desperabundo
1050 1363 1123 1458 ejui
1146 1357 1258 1444 statu,
1290 1351 1334 1424 ob
1354 1339 1490 1446 imitatem
1522 1369 1524 1440 p

330 1457 566 1565 euangelicam
590 1477 764 1550 agnitam,
790 1477 828 1528 et
854 1481 950 1532 inetu
975 1461 1097 1531 mortis
1120 1453 1328 1550 abjuratam,
1355 1428 1489 1540 adfuiffl·
1524 1458 1525 1518 l

331 1551 490 1642 miliario,
523 1571 560 1622 et
590 1548 766 1626 historiam
796 1553 870 1646 ejus
891 1577 1051 1650 quoque,
1079 1549 1173 1626 remu
1198 1545 1355 1642 dignam,
1378 1528 1489 1638 deditio
1525 1540 1526 1590 l

330 1651 459 1726 lucem.
508 1645 592 1720 Vid.
624 1649 730 1722 etiam
755 1649 931 1722 Sleidanur
964 1649 1154 1736 lxxii,
1188 1643 1248 1739 qul
1274 1621 1489 1712 Francisoso·

331 1767 391 1820 rae
420 1743 527 1817 latum
551 1765 688 1842 quoque
713 1767 859 1820 enarrat.
906 1746 1001 1820 Dein
1025 1745 1116 1832 sese,
1142 1737 1228 1815 fidei
1246 1731 1428 1834 reformatae
1438 1731 1489 1819 ill·
1528 1784 1529 1804 i

335 1846 390 1932 sa,
425 1841 606 1915 Genauam
637 1843 810 1930 contulit,
843 1859 881 1915 et
910 1841 1082 1914 Ecclesiae
1116 1835 1261 1912 Italicae
1295 1825 1339 1901 ibi
1362 1819 1488 1912 adtulfflb
1529 1866 1530 1880 ι

282 1947 286 1955 ’
336 1937 423 2014 inde
445 1957 622 2033 praeterea
641 1959 695 2009 rur
713 1937 863 2026 seceffit,
886 1937 921 2010 ln
939 1935 1138 2032 Fargiarum
1158 1949 1307 2032 pagum,
1330 1905 1489 2005 obiadtuu

333 2031 437 2106 venit
472 2031 699 2118 Valentinus,
733 2033 830 2124 cujus
860 2053 934 2104 erat
967 2052 1151 2126 patronus,
1188 2047 1228 2100 ut
1262 2016 1362 2094 modo
1386 2015 1489 2114 nariou-

214 2173 216 2180 ·
333 2126 513 2233 Deinfeps
534 2125 745 2231 ‚Tubingaa
780 2125 901 2199 favore
924 2126 1092 2238 Vergcrii
1117 2117 1349 2200 introdudius,
1367 2095 1488 2204 jurispru-

335 2222 493 2296 dentiam
533 2234 676 2328 ingente
714 2219 872 2316 adplausu
911 2223 1050 2296 docuit:
1093 2220 1149 2295 scd
1186 2239 1249 2316 per
1287 2201 1488 2305 Hieronymum

336 2313 574 2400 Gerhardum‚
599 2313 770 2410 Principio
794 2317 1082 2412 Wurrenberglci
1107 2310 1335 2391 consiliarium
1358 2299 1489 2371 monum·

337 2432 502 2507 ‘anquam
528 2409 751 2498 malesanam
777 2410 900 2484 lovena
924 2413 1130 2507 opinionem
1156 2407 1330 2490 dercilus,
1353 2389 1419 2470 inde
1436 2383 1490 2451 ΒΗ·

336 2531 417 2586 ”³1⁰
440 2504 597 2600 aufugit,
623 2505 682 2580 Ubi
707 2524 844 2603 captus,
869 2507 925 2579 sed
951 2508 1103 2581 simulata
1118 2505 1342 2602 abnegatione
1359 2487 1488 2584 libentii.

335 2602 378 2680 ad
402 2602 580 2714 ingenium
610 2603 785 2690 reversus,
816 2623 858 2676 ac
883 2601 978 2704 peste
1010 2625 1214 2699 correptus,
1245 2607 1386 2712 paratior
1403 2571 1449 2665 fili
1466 2581 1489 2670 fl

338 2717 428 2774 terra
452 2696 651 2792 supplicium
684 2703 881 2785 amarorum
915 2718 954 2771 ut
986 2698 1065 2794 ipsis
1099 2702 1217 2773 verbis
1249 2671 1491 2786 inquilieum

338 2796 414 2906 vita
437 2791 583 2868 Caluini.
637 2793 690 2868 Ex
717 2819 787 2892 quo
812 2793 979 2884 colligere
1003 2796 1103 2882 licet,
1130 2798 1227 2894 quod
1246 2773 1493 2865 Labieniouitll·

340 2891 415 2975 dit,
442 2911 503 2985 par
529 2889 729 2984 supplicium
753 2889 816 2986 ipll
835 2889 934 2964 fuisse
952 2891 1119 2966 Genavae
1134 2911 1310 2986 paratum,
1333 2863 1493 2979 euld‘ffliue

340 2986 512 3085 Spiritum
548 2986 599 3060 ibi
628 2986 743 3062 adhuc
777 2987 954 3084 regnasse.¹
988 2987 1165 3061 Nonnulla
1197 2987 1301 3060 ctiam
1324 2951 1419 3063 dulps
1445 2946 1491 3013 Μ’

341 3089 428 3160 bent
453 3081 706 3176 Eplicmeridcs
729 3083 862 3159 Hallcri
884 3083 919 3155 io
947 3083 1040 3158 Mus.
1069 3083 1210 3158 Helvet.
1237 3107 1271 3178 p.
1301 3073 1357 3154 Vn
1373 3053 1486 3135 lb¹qu⁰‘

343 3203 413 3273 que
440 3180 607 3256 habetur.
634 3201 712 3252 curri
738 3201 799 3274 per
824 3178 1028 3269 Calvinum,
1053 3199 1090 3252 et
1107 3175 1289 3252 Ministros
1306 3133 1490 3244 cenacula·

339 3275 442 3384 fuisse
474 3274 564 3366 opud
599 3273 735 3346 Ducem
767 3275 970 3351 accusatum.
1023 3274 1149 3356 Varios
1180 3271 1307 3372 scripsit
1330 3261 1412 3337 libror
1429 3231 1492 3333 ΙΨ

339 3369 457 3484 dicos,
482 3391 637 3467 ‘quotum
671 3371 792 3446 titulos
822 3368 967 3446 exbibet
994 3371 1157 3466 Saudius,
1191 3369 1229 3446 in
1262 3348 1409 3446 Bibli0th.
1427 3326 1494 3407 diti·

342 3481 448 3542 illuri.
577 3487 581 3498 ·

1338 3605 1346 3622 ’
1381 3543 1494 3722 ]οΗ.
