3128 4438
473 151 488 249 ².
563 144 670 223 secur.
694 143 792 221 XVI.
1205 171 1284 249 Ι237

81 320 200 400 unuin
227 321 265 396 in
288 317 433 398 'me
479 321 641 419 Denique
673 321 847 420 singularis
879 325 952 421 ejm
982 323 1158 401 character
1190 329 1277 420 fuit,

79 417 182 502 ebusua
222 416 397 498 Ecclesiae
438 418 620 516 Romanae
658 425 788 494 summa
824 442 907 494 eum
943 420 1177 498 delectatione
1210 447 1275 518 per

78 515 182 612 scripta
203 513 258 590 sua
291 534 470 609 exponere
500 516 583 586 risui
609 531 643 586 et
674 517 887 605 contemtui,
921 538 986 610 qua
1018 517 1156 592 rarione
1180 521 1274 596 Mis·

75 612 133 686 iau
153 608 243 688 edito
264 609 357 684 iibro
381 605 577 700 prostituit,
602 612 647 683 de
672 635 713 684 ee
737 609 826 685 sana
850 611 1042 688 comoedia
1094 615 1200 690 Varia
1217 641 1273 690 re·

76 706 164 800 liquit
183 705 330 802 scripta,
364 701 453 781 rene
477 705 680 797 diguiffima.
728 707 828 780 Plura
850 708 911 803 qui
936 709 979 782 de
1001 707 1099 804 ipso,
1131 711 1270 810 ejusque

75 802 217 897 operibus
239 803 344 888 velit,
369 800 467 874 adeat
489 801 626 876 Ruchac
650 801 709 876 iib.
739 801 841 874 XVI.
888 849 893 858 ·

110 895 137 994 i·
157 895 369 970 CCXXXV·
405 885 584 987 Caluinus,
613 915 652 970 ut
685 895 727 970 ad
758 917 836 968 eum
861 911 897 966 et
921 895 1145 974 Genevenses
1167 859 1269 978 rede·
1373 923 1407 962 .·
1549 891 1550 924 ³

74 1012 134 1078 am,
163 989 273 1066 statim
311 1009 458 1064 aecum
491 993 624 1066 Ferellu
658 1009 693 1063 et
727 991 895 1082 Coraido,
921 1014 1022 1087 quem
1050 995 1165 1068 secum
1189 1021 1268 1092 per·

75 1091 196 1160 durent
226 1087 430 1174 Genevam,
461 1109 553 1182 ,opus
587 1085 846 1158 refoimacionie
878 1091 979 1180 paulo
1013 1091 1160 1170 severius
1183 1116 1269 1166 coe·
1414 1147 1415 1150 ,

75 1181 163 1278 piiieo
185 1195 308 1278 urgere
346 1203 376 1253 a.
405 1203 532 1275 ¹537u
565 1181 751 1277 graviffimi
775 1183 850 1256 sunt
873 1183 962 1254 inter
995 1183 1092 1256 ciues
1117 1185 1267 1264 suscitati

72 1297 183 1368 notua,
208 1277 266 1374 qui
294 1293 404 1355 tunm
426 1279 631 1352 videbantur
647 1273 834 1352 subversuri
851 1277 1153 1371 reformationem,
1188 1284 1268 1359 Cal»

73 1371 134 1450 riui
159 1371 295 1470 utique,
332 1393 368 1445 et
391 1373 620 1468 collegarum,
651 1371 792 1446 exilium
818 1375 860 1446 ad
885 1375 991 1446 breve
1022 1393 1158 1472 ternpus
1183 1401 1266 1488 pro.

70 1471 231 1546 duxerunt.
260 1468 477 1542 Turbatores
501 1467 640 1544 fuerunt
664 1469 766 1542 multi
794 1465 948 1558 civium,
972 1493 991 1542 a
1014 1469 1265 1550 reformatione

68 1564 246 1654 alieniores,
280 1563 341 1659 qui
369 1583 525 1659 tempore
557 1563 637 1638 belii
668 1585 748 1636 cum
772 1564 875 1637 Duce
902 1563 1093 1640 Sabaudiae
1116 1567 1152 1642 se
1177 1593 1265 1645 con·

68 1658 242 1748 tinueraut,
266 1659 323 1732 sed
348 1679 441 1733 nunc
463 1659 497 1732 in
522 1659 698 1755 publicum
725 1659 940 1751 prodierunt.
988 1659 1136 1736 Primam
1161 1685 1265 1739 ocen-

71 1754 181 1830 fionem
204 1754 345 1852 peperit
369 1751 518 1852 cuffeffiu
535 1755 637 1844 fidei,
661 1752 848 1843 aFareilo,
874 1768 911 1824 uc
933 1750 1140 1846 supradixi,
1166 1779 1265 1833 com·

71 1851 181 1944 posrra,
202 1851 341 1961 quaein
357 1849 477 1924 fronte
491 1851 728 1944 juramentum
745 1843 939 1944 erigebat,
955 1867 1026 1941 quo
1040 1851 1085 1922 ab
1103 1853 1265 1934 omnibus
1406 1883 1408 1888 ’

70 1969 131 2020 erat
152 1951 371 2042 recipienda,
397 1965 432 2018 er
447 1967 513 2042 pro
529 1943 722 2040 adpendice
736 1943 882 2018 habebat
905 1941 1004 2038 legem
1018 1941 1262 2042 Deculogiconn

72 2043 163 2140 Quam
188 2065 266 2116 curu
285 2038 438 2130 Pastores
463 2041 598 2136 publice
621 2061 699 2114 eum
721 2057 922 2134 juramento
942 2038 1050 2138 recipi
1074 2064 1260 2140 urgerent,

70 2137 148 2210 uuiti
171 2137 203 2210 ie
224 2135 480 2232 opposuerunt,
522 2134 670 2225 causari,
710 2137 745 2208 se
768 2157 805 2208 eo
837 2139 972 2208 ratione
1003 2136 1045 2210 ad
1082 2137 1259 2238 inpuffibiIe
1408 2180 1412 2189 -

70 2232 133 2328 quid
155 2233 310 2328 obligari.
363 2231 552 2310 Praevaluit
576 2229 798 2306 nihilominus
820 2227 1005 2320 *confeffim
1040 2230 1077 2306 in
1100 2259 1204 2404 pinam
1228 2260 1258 2314 aa

73 2333 158 2424 1537·
179 2355 198 2402 a
222 2331 349 2404 Senatu
369 2329 567 2423 populoque
613 2321 764 2399 aiamest
784 2324 949 2418 juratum.
999 2327 1098 2401 Acce
1141 2349 1260 2408 rmore

71 2425 176 2520 duplex
200 2425 263 2498 aiio
288 2422 498 2498 diffidiorum
517 2353 632 2510 canii,
657 2443 741 2511 unu,
765 2421 856 2516 quod
873 2418 1027 2496 Pastorer
1048 2423 1083 2498 S.
1107 2445 1262 2504 coenam

71 2517 283 2594 administrare
305 2519 520 2606 reeusarent,
561 2517 719 2614 quamdiu
750 2533 889 2590 vererer
916 2513 993 2590 illae
1023 2515 1261 2613 inimicitiaep

71 2617 139 2690 beno
160 2613 353 2690 Sabaudico
381 2631 500 2701 ortae,
529 2611 707 2699 durarent,
751 2629 789 2686 et
813 2611 885 2686 vita
910 2608 1041 2687 civium
1067 2613 1258 2710 flagitiosa,-

71 2713 172 2800 uloro‚
195 2712 288 2806 quod
315 2707 524 2797 Beruenses,
547 2708 632 2782 licet
657 2704 733 2780 satis
758 2705 1002 2801 inprudenter,
1032 2710 1183 2804 veilent,
1215 2735 1259 2790 uc
1407 2747 1413 2760 ·

73 2807 270 2881 Genevenses
295 2803 372 2878 suos
394 2804 481 2878 ritus
504 2799 762 2878 Eccleiiustieos
776 2799 1018 2891 admitterent,
1044 2801 1177 2888 scilicet
1194 2833 1255 2905 pa·

37 2949 44 2974 .
70 2921 131 2976 ren
153 2922 309 3000 azymum
331 2899 369 2979 io
391 2901 426 2974 S.
448 2897 581 2990 coena,
608 2895 827 2994 baptisteria,
859 2898 917 2970 seu
941 2897 1077 2989 fontes,
1103 2901 1146 2975 ad
1170 2906 1261 3000 bap.

71 2997 249 3092 orandum,
282 3014 321 3070 et
352 2995 537 3068 nonnullos
564 2994 638 3068 dies
670 2989 817 3081 festos,
841 3005 975 3086 praeter
1009 2995 1259 3077 Dominicum..

72 3091 273 3166 Geuevensea
298 3090 389 3164 enim
412 3111 501 3185 pane
523 3091 708 3166 utebantur
735 3085 886 3181 vulgari,
925 3107 962 3160 et
984 3085 1057 3161 fine
1079 3093 1252 3185 ,baptiste-

70 3185 116 3260 n'is
134 3186 363 3282 baptizamur,
388 3183 495 3260 solum
523 3185 629 3260 etiam
653 3183 743 3258 diem
762 3180 988 3257 Dominicum
1014 3187 1250 3284 celebrabant,

71 3301 186 3374 praeter
207 3302 307 3376 quern
329 3280 559 3356 Beruensrbus·
583 3277 686 3356 etiam
718 3279 755 3350 in
789 3277 973 3352 uiuerent
1009 3299 1157 3375 quatuor
1185 3288 1251 3364 ulia
1298 3359 1303 3372 ,

71 3373 161 3467 festa,
180 3375 336 3467 Natalis,
359 3382 431 3452 noui
451 3381 549 3464 unni,
573 3375 831 3449 adnunciationis
846 3391 878 3448 er
902 3374 1123 3466 adscendunis.
1172 3379 1266 3477 Qua.

71 3491 185 3560 captata
211 3469 388 3546 occasione
405 3470 546 3568 Syndiei
572 3469 758 3561 Genevae,
782 3469 841 3565 qui
856 3491 1005 3545 annuum
1030 3493 1066 3545 er
1083 3471 1269 3549 summum·

75 3562 294 3660 munerun
318 3565 368 3648 ibi
393 3565 723 3734 constituuntbrem
745 3587 790 3641 eo
812 3564 1048 3658 adduxerunt,
1081 3587 1118 3640 ut
1141 3567 1254 3642 Calvi-

657 3683 681 3758 g
704 3682 726 3758 3
1183 3683 1248 3742 nur
