3170 4430
334 169 409 258 506
716 155 866 256 Historia
889 157 1017 258 Erotes.
1044 159 1160 262 Christ.

329 341 470 432 titulut,
500 333 641 434 deseuſso
671 357 779 445 verua·
789 335 977 434 seutemiue
1009 342 1047 416 da
1077 339 1278 438 Magistrnlu
1307 345 1417 424 Politice
1432 367 1480 425 etc.

330 439 445 538 Quem
473 435 588 510 buttes
613 433 686 528 ejut
710 433 956 528 adrrpuerunt‚
989 457 1029 510 ut
1054 439 1100 512 de
1123 441 1289 515 seditione
1311 465 1412 518 contra
1427 445 1477 516 lsr-

328 533 506 630 grslratum
548 529 657 628 ipsum
691 531 889 604 accusarent
917 533 1010 628 apud
1049 535 1278 632 Stephanum,
1316 557 1388 613 tunc
1415 541 1481 612 Polo

327 630 406 704 uiae
437 631 595 722 Regem,
631 647 702 720 quo
736 626 909 700 Cracovia
939 631 1135 724 compulsus
1167 633 1216 707 est
1238 635 1407 730 emigrare,
1431 635 1482 706 last

327 724 411 800 licet
445 724 552 798 suerit
581 719 802 810 criminatio,
839 745 917 796 turn
950 723 1096 800 Socinnt
1128 727 1164 801 in
1192 727 1377 825 Magistratu
1396 731 1481 803 desen·

326 821 442 894 dendo
473 818 533 894 vix
571 819 713 892 modum
744 837 873 893 teneat.
925 817 1054 894 Omnia
1089 824 1183 898 enim
1206 848 1307 914 arma,
1331 843 1484 934 quacunque

326 916 371 992 de
395 915 511 1005 causa,
537 939 557 988 a
580 915 713 1011 populo
735 933 854 986 contra
876 913 1075 1012 Principem
1100 918 1214 994 sumta
1234 919 1432 1008 condemnat,
1450 943 1483 1013 rp-

324 1013 381 1087 sot
412 1015 520 1088 etiarn
553 1012 750 1086 foederator
783 1009 894 1106 Belgii
926 1009 1096 1102 Ordines,
1131 1017 1222 1112 quod
1249 1017 1285 1090 in
1313 1015 1481 1112 Philippum,

325 1109 409 1184 licet
433 1127 641 1208 tyrannum,
666 1105 926 1180 insurrexerint.
979 1105 1093 1204 Quam
1119 1111 1336 1202 sententiam,
1359 1113 1393 1184 de
1412 1113 1482 1184 arnis

325 1225 448 1279 contra
475 1206 675 1298 Principem
700 1223 769 1273 non
795 1201 984 1291 sumendis,
1017 1218 1136 1280 tenent
1161 1207 1345 1282 etiamnum
1365 1206 1480 1281 Socinir·

203 1389 206 1398 Ι
326 1303 389 1388 ni,
417 1323 437 1374 a
465 1301 556 1374 bello
580 1319 719 1394 quoque
743 1297 900 1392 gerendo
926 1296 1039 1372 alieni.

375 1393 408 1488 s.
434 1395 498 1468 Dl.
523 1391 667 1466 Secellit
692 1389 809 1484 itaque
837 1391 874 1466 in
900 1393 982 1465 Viri
1003 1391 1145 1470 Nobilis
1170 1397 1391 1492 Cirrillophori
1409 1397 1476 1468 Mor·

322 1487 445 1578 stenii,
471 1483 675 1562 Parolilrovii
691 1485 861 1579 Domini,
884 1507 942 1560 rut
964 1487 1213 1582 suburbanum,
1239 1492 1348 1590 paucis
1366 1486 1475 1588 passuum

320 1584 468 1660 millibus
503 1580 674 1659 Cracovia
698 1579 846 1672 distans,
881 1602 918 1656 et
943 1583 1003 1657 sub
1026 1585 1099 1677 ejus
1121 1589 1227 1662 tutela
1260 1591 1420 1662 triennium
1436 1593 1475 1658 ui·

319 1683 400 1772 vit,
427 1681 657 1776 qualicunque
675 1675 908 1752 beneficentia
929 1683 1140 1764 cumulatus,
1168 1683 1269 1759 duna
1290 1707 1406 1783 quoque
1420 1683 1473 1754 No
1526 1765 1527 1770 Ἰ

318 1777 382 1856 bili
422 1777 492 1854 filia
528 1778 762 1862 infertorem,
802 1797 847 1849 ex
882 1797 946 1870 qua
980 1773 1085 1848 liliam
1125 1779 1268 1878 suscepit
1296 1783 1433 1876 signetur
1453 1797 1473 1852 a.
1526 1837 1527 1858 r

320 1883 452 1968 1587„
478 1899 565 1970 quae
581 1874 664 1946 dein
680 1869 932 1960 Wil’zowatio,
957 1871 1078 1966 Equiti
1095 1873 1251 1965 Polono,
1276 1874 1389 1972 nupsit,
1410 1873 1472 1946 uude
1526 1871 1527 1906 r

315 1965 1031 2153 sill‘ilt‘blillilslhlsilpelsllie’
1052 1965 1173 2140 {llll
1198 1969 1471 2157 lullus
1526 2053 1527 2096 r

316 2178 374 2232 tut
401 2157 451 2229 est
482 2153 562 2229 inde
596 2153 708 2242 luctu
749 2153 976 2254 corporisque
1006 2091 1368 2254 aegritudiiretgaubla
1392 2159 1470 2233 adhuc

312 2255 450 2352 lugubri
484 2251 584 2338 casu,
627 2250 672 2322 de
706 2249 879 2326 bonorum
909 2254 983 2348 ejus
1018 2253 1185 2332 tenuibus
1214 2262 1251 2334 in
1282 2257 1385 2347 ltalia,
1411 2274 1468 2344 quot

311 2349 395 2424 inde
422 2343 604 2444 quotannis
624 2347 808 2440 carpebat,
834 2365 919 2422 tunc
941 2371 1002 2442 per
1023 2371 1176 2428 mortem
1198 2353 1372 2438 Francisci,
1396 2351 1467 2441 Mag·

291 2445 351 2520 ·ni
376 2443 488 2520 Ducit
513 2443 721 2530 Hetruriae,
746 2439 806 2536 qui
832 2441 844 2514 i
873 2441 896 2515 li
923 2444 1057 2540 semper
1081 2469 1159 2522 erat
1181 2451 1409 2546 patrocinatus,
1425 2463 1465 2536 pt·

310 2541 402 2615 nitus
439 2537 504 2634 ipsr
543 2537 686 2649 ereptis.
739 2465 883 2630 Scripit
914 2541 1136 2618 autem'hoc
1170 2545 1207 2620 in
1241 2546 1356 2622 secessu
1382 2543 1463 2616 librum

308 2655 435 2712 contra
469 2635 665 2714 Gabrielem
695 2633 904 2730 Eutropium
931 2635 1131 2728 Sadeeium,
1165 2643 1363 2718 canonicum
1381 2631 1464 2712 Postu·

310 2731 492 2820 niensem,
518 2727 700 2828 constanter
725 2729 815 2804 illius
838 2729 1023 2824 Ectlafiue,
1048 2735 1165 2830 inquit
1191 2758 1290 2812 autor
1307 2729 1465 2824 vttaeejun

302 2827 439 2931 samam
467 2845 505 2902 tr
533 2826 919 2925 causum'propuguunr,
950 2853 973 2901 a
1008 2851 1072 2924 qua
1103 2833 1296 2934 iniquifflmo
1316 2827 1465 2930 praejudicio

311 2925 416 3003 multa
449 2925 556 3023 insutu
584 2925 719 3020 indigua
745 2925 877 3022 jugiter
907 2926 1095 3018 pertulerat.
1147 2929 1193 3004 In
1226 2954 1292 3029 quo
1313 2931 1396 3010 libro,
1418 2938 1461 3028 qli

309 3021 378 3191 {psi
410 3021 544 3118 semper
577 3019 677 3094 valde
704 3020 854 3116 placuit,
886 3021 1049 3096 Socinum
1067 3021 1109 3119 se
1133 3025 1238 3118 ipsam
1252 3017 1398 3126 suptrlfflr
1418 3033 1459 3105 ll·

337 3117 448 3192 icavit
486 3115 731 3212 Hieronymus
767 3115 1022 3194 Moscoroviua.
1081 3119 1260 3216 Migravit
1291 3121 1357 3198 dein
1384 3105 1463 3188 milli

306 3213 539 3301 Cracoviam,
571 3231 607 3284 et
643 3211 769 3286 sestam
805 3207 897 3286 suam
932 3211 1112 3312 insigniter
1145 3203 1465 3309 promovit,mati1ue

306 3307 386 3428 post
418 3305 691 3405 disputationem
725 3307 767 3381 ab
801 3305 877 3400 ipso
907 3307 1062 3392 habitam
1097 3311 1134 3386 in
1164 3316 1303 3412 synodo
1331 3295 1464 3386 Bristtnfi·

307 3427 348 3483 nn
370 3403 496 3479 linibus
519 3401 727 3476 Lithuaniae
750 3425 781 3477 a.
809 3411 935 3497 1588„
961 3406 1005 3480 tle
1030 3423 1146 3496 morta,
1170 3429 1203 3486 et
1218 3411 1373 3508 sacrificiu
1388 3389 1464 3490 siris·

292 3504 353 3592 qi,
389 3499 625 3600 justificatione
659 3495 788 3595 ntrJlra,
826 3518 976 3599 corrupta
1009 3505 1145 3582 bominis
1183 3527 1317 3600 natura,
1342 3521 1382 3590 ‚et
1407 3511 1464 3568 tum

304 3597 515 3766 patruum
543 3615 585 3700 ar
617 3593 810 3708 niueum
838 3599 884 3702 ue
914 3597 1269 3712 etruriamque.
1317 3600 1385 3709 ouo
1398 3583 1466 3766 ,Ἐς
1524 3687 1525 3698 t
