3148 4434
319 200 403 334 tro
703 219 1144 330 raptumrapturn

328 411 417 490 aliud
446 407 497 488 est
526 407 694 488 lucratur.
723 427 824 504 quam
850 405 941 504 quod
970 405 1166 482 tabellarius
1191 404 1263 504 ejus
1289 403 1387 482 suerit
1409 403 1494 504 opire
1528 389 1529 482 i

332 513 463 608 plexus.
493 501 636 600 Scripsit
653 525 792 600 quoque
811 525 841 578 a.
863 525 968 598 ¹539·
991 504 1035 578 ad
1053 505 1308 601 Landgravinm
1325 503 1451 593 Heliae,
1466 521 1494 574 et

333 609 447 689 Statue
470 601 601 698 inperii
628 597 851 689 Germanici,
879 603 946 674 lese
970 601 1088 674 aDeo
1104 603 1276 674 declarans
1291 599 1439 687 eledium,
1457 598 1496 692 qui

332 701 499 780 mundum
525 695 753 772 illuminaret:
781 696 837 768 sed
861 695 943 772 nibil
958 719 1098 792 quoque
1114 698 1279 770 obtinuit
1331 699 1382 770 Ad
1399 697 1497 768 tlnnrn

334 817 492 895 quoque,
508 791 721 868 comitissam
739 789 865 864 Frisrae
882 791 1089 879 Orientalir,
1109 792 1248 870 milita.
1271 813 1365 884 1540.
1382 787 1497 886 apologi·

334 917 411 983 am,
428 907 553 968 contra
568 887 604 963 vi
634 889 696 960 inti
713 885 863 998 quinque
877 887 1041 962 articulos
1056 890 1308 976 accusatorios,
1323 887 1498 961 tibietsoctit

332 986 512 1086 objector,
537 1002 575 1060 ut
597 911 632 1058 si
657 985 701 1058 ab
717 983 760 1056 tir
776 985 961 1072 liberaret,
987 1003 1025 1056 et
1044 981 1080 1056 in
1095 987 1242 1080 gratiam
1260 983 1374 1058 Annae
1389 981 1498 1056 infinu·

333 1107 410 1174 ret,
435 1083 534 1158 simul
551 1081 626 1178 ejus
642 1103 707 1177 pro
725 1078 848 1168 sociis,
874 1077 933 1176 qui
953 1080 1002 1154 ibi
1020 1079 1109 1152 haud
1126 1084 1231 1176 pauci
1248 1099 1362 1168 erant,
1384 1075 1499 1174 patroci-

334 1183 431 1262 u'ium
447 1177 651 1278 inpetraret.
681 1173 803 1248 Exstat
826 1175 915 1270 apud
933 1175 1134 1251 Arnoldum.
1168 1177 1227 1251 De
1247 1200 1314 1274 quo
1328 1173 1440 1272 postea.
1460 1173 1500 1244 Pu·

170 1285 178 1294 ’
333 1278 480 1356 blicavit
498 1275 588 1350 baud
605 1271 660 1344 diu
680 1269 775 1366 post,
793 1293 824 1344 a.
845 1289 950 1362 1542.
969 1273 1092 1345 librum
1105 1272 1200 1346 suum
1212 1273 1391 1360 famosum,
1407 1267 1500 1342 dillun

333 1371 543 1452 Mirabilium
572 1365 863 1464 (wonderboelr),
888 1377 972 1440 vete
988 1364 1194 1460 mirabilem,
1222 1389 1262 1442 et
1279 1371 1374 1442 rebus
1387 1386 1420 1440 et
1432 1363 1498 1450 llio,

332 1469 519 1566 paucisque
551 1457 824 1556 intelligibilem,
857 1483 925 1534 nec
957 1461 1028 1534 stne
1053 1465 1189 1553 taedio,
1226 1485 1266 1538 ut
1288 1465 1358 1559 ipse
1381 1479 1498 1556 expetnt

330 1566 430 1650 sum,
456 1559 665 1658 legendum,
697 1554 781 1632 licet
810 1554 943 1654 aliqua,
970 1579 1085 1632 veram
1116 1558 1366 1634 Christianismi
1385 1577 1497 1630 naturtn

333 1656 589 1757 exprimentia,
616 1653 653 1728 in
678 1669 721 1724 eo
736 1673 808 1726 non
825 1651 945 1727 desint.
996 1655 1191 1730 Interceffit
1208 1681 1315 1753 porro
1332 1653 1390 1752 ipfi
1403 1647 1497 1746 aliquod

331 1753 586 1834 commercium
614 1769 694 1822 curn
722 1747 884 1844 Jobanne
911 1772 931 1822 a
955 1749 1083 1839 Lasco,
1109 1753 1340 1826 Ecclesrarom
1363 1751 1396 1826 in
1416 1745 1497 1822 coni·

332 1871 409 1932 tatu
437 1849 565 1926 Frisiae
592 1844 731 1923 Orient.
756 1863 841 1918 tunc
864 1844 1200 1938 superintendente,
1234 1848 1433 1945 scriptaeque
1452 1842 1498 1914 sunt

330 1949 471 2026 litterae
498 1943 664 2042 quaedam
687 1959 829 2020 mutuae
851 1961 1025 2030 a.1544.,
1052 1965 1192 2038 quarum
1219 1963 1443 2041 argumentum
1461 1959 1497 2010 et·
1528 2019 1529 2022 Ἴ

331 2045 435 2121 hibet
457 2038 682 2144 Bleisdikiuq,
709 2039 879 2110 uersatum
902 2037 1093 2132 praecipue
1115 2040 1209 2114 circa
1225 2042 1378 2114 divinam
1393 2031 1497 2111 Daridt

332 2134 583 2220 vocationem,
616 2127 762 2224 altasque
796 2131 871 2224 ejus
894 2129 1075 2227 opiniones
1100 2138 1291 2211 nonnullas.
1342 2133 1419 2220 Sed,
1445 2130 1496 2204 licet

331 2227 504 2317 ausen,
538 2229 632 2321 spem
663 2223 915 2298 emendationis
946 2225 1019 2321 ejur
1050 2227 1192 2320 sorem,
1230 2232 1342 2329 ipsum
1363 2232 1395 2302 in
1414 2223 1495 2304 litterir

331 2323 513 2407 vocaverit
535 2317 763 2418 diletiiffimum
778 2318 948 2415 fratrem,
972 2326 1111 2416 abrupit
1135 2350 1240 2417 mox,
1266 2323 1494 2421 incorrigibilem

331 2425 409 2525 ejut
428 2439 595 2516 expertus
622 2415 830 2510 superbiam,
856 2437 960 2490 omne
984 2441 1064 2494 curri
1090 2445 1134 2496 eo
1162 2425 1414 2500 commercium.

377 2515 613 2630 §.·,CCCCLI.
646 2511 848 2622 §oeperunt
879 2512 1018 2626 tandem
1042 2517 1138 2626 'ejus‘
1156 2537 1193 2590 et
1216 2521 1336 2629 ‘seciae
1356 2543 1404 2592 res
1422 2505 1494 2604 mtgit

329 2606 806 2815 eternitatem
824 2609 1494 2794 tanttnutttttntlstt

331 2807 448 2886 filerm
466 2803 669 2880 contulerit.
717 2799 931 2874 infenstffimi
956 2805 1029 2898 ejus
1053 2803 1167 2878 boslea
1190 2807 1335 2882 suerunt
1349 2799 1495 2881 Batenbut·

357 2901 423 2993 ὀὶ,
458 2899 565 2976 etiam
590 2893 668 2995 post
698 2895 862 2992 Johannis
886 2898 1093 2995 Batenburgi
1120 2922 1265 2992 necem,
1291 2907 1346 3003 qoi
1369 2897 1494 2977 scelernm

239 3051 240 3058 κ
267 3057 282 3068 -
328 2927 468 3083 iiorum
492 2995 625 3074 debitat
647 2991 713 3069 luit
736 3015 884 3089 poenae,
911 2993 1014 3085 dum,
1039 3014 1077 3068 ut
1101 2997 1301 3075 bleisdiltiue
1328 2993 1429 3092 inquit,
1445 2982 1494 3078 ss·

329 3092 454 3182 ditiolis
486 3109 523 3166 et.
552 3091 733 3170 'crudelibus
757 3088 834 3180 sut'r
863 3093 1012 3180 ortibus,
1036 3109 1068 3164 et
1097 3089 1260 3187 confiliis,
1276 3097 1320 3193 se
1341 3089 1419 3192 ipsunt
1433 3079 1490 3174 suu

322 3179 470 3288 tqltuus
501 3187 706 3285 inprudenter
730 3188 886 3277 proderet.
933 3187 1111 3262 Praeterea
1147 3191 1405 3284 Argentinenset
1422 3169 1495 3254 Hos·

323 3282 502 3375 manrici,
532 3303 679 3386 quorum
714 3295 836 3370 magna
859 3299 934 3354 erat
956 3284 1049 3357 inter
1080 3285 1324 3383 Anabaptisttr
1350 3275 1492 3360 autoritttr

325 3387 373 3462 ab
404 3378 484 3479 ipso
510 3378 705 3452 manserunt
734 3376 930 3452 alieniores.
980 3379 1199 3476 Colloquium
1225 3407 1305 3459 cum
1329 3383 1368 3460 iis
1388 3377 1492 3470 Argen·

323 3483 421 3558 tinae
440 3475 604 3550 habuerat
627 3494 657 3545 a.
681 3479 806 3564 1538..
831 3470 988 3565 speram,
1014 3474 1049 3548 se
1074 3499 1134 3551 eor
1158 3477 1195 3552 in
1218 3501 1332 3579 parter
1347 3473 1490 3552 tranum

323 3579 414 3656 effe:
438 3569 499 3649 sed
522 3593 589 3646 nec
610 3573 808 3645 aotauunem
828 3583 860 3640 et
884 3572 1094 3644 autoritatem
1119 3573 1231 3666 suom,
1261 3599 1323 3654 erec
1344 3595 1416 3649 rura
1435 3565 1489 3654 dog·

320 3689 441 3788 (κιρ,
460 3669 655 3780 &equium
672 3680 875 3766 peccaterum
893 3663 1084 3768 ctufqffltne
1100 3673 1238 3768 publico
1247 3728 1260 3769 ,
1281 3676 1319 3750 de
1337 3660 1490 3836 norw
