3098 4436
544 249 651 328 secut
677 246 783 328 XVI:
1206 270 1280 364 ‘345

58 435 132 510 'ueto
163 429 265 526 libri,
297 427 356 530 qui
392 428 499 508 etiam
532 429 663 506 ibidem
692 430 872 506 Cranmeri
913 431 1119 531 martyrium
1153 437 1280 515 ennete

61 529 252 628 descripstt3
279 549 315 600 et
340 525 435 600 inter
458 551 520 602 eor
542 527 615 624 ipse
639 531 868 616 Craomerua,
893 529 971 622 post
994 532 1182 608 triennium
1204 555 1279 608 car·

61 623 156 700 ceria.
203 627 431 712 Cmnmerur,
466 623 558 719 quod
583 645 656 696 nou
684 623 735 698 est
760 621 895 696 silentio
919 625 1189 719 involvendum,
1221 629 1277 706 io·

60 716 123 793 itio
156 720 295 830 quidem
327 736 424 792 metu
454 721 580 792 mortio
609 718 758 806 fraetus,
792 719 899 794 fidem
932 722 1026 796 suam
1058 723 1188 820 scripto
1218 727 1277 800 ab·

63 835 215 910 negavit,
247 833 285 890 et
306 809 523 888 catholicam
546 811 717 910 professus
742 812 812 890 est:
841 813 918 902 sed,
944 837 1025 892 eum
1049 840 1095 894 ue
1116 821 1165 895 stc
1187 842 1274 898 eva·

62 912 137 982 dere
170 909 304 1008 posset,
334 907 474 1002 Regina
509 909 584 1004 ejus
621 907 813 1004 perniciem
846 907 1021 986 obstinate
1057 913 1268 1011 postulante,

62 1005 171 1079 animo
203 1008 383 1095 resumto,‘
402 1001 506 1086 fidem
531 1007 679 1098 ingente
704 1027 783 1080 cum
807 1004 913 1078 animi
935 1017 1098 1082 moerore
1122 1030 1160 1084 et
1183 1037 1270 1106 poe·

60 1101 199 1175 nitentia
232 1104 344 1198 palam
380 1119 418 1171 et
448 1096 624 1196 intrepide
649 1097 701 1173 est
725 1097 919 1194 professos,
953 1123 1104 1178 mortem
1129 1105 1268 1181 animo·

59 1195 89 1267 se
112 1197 230 1286 subiit,
254 1198 327 1292 ipsa
350 1217 454 1266 manu
480 1195 535 1268 sua
557 1196 699 1272 dextra,
727 1217 792 1290 qua
818 1195 1089 1291 abnegationem
1117 1198 1269 1296 signate·

60 1313 126 1378 rat,
152 1293 190 1364 in
216 1293 333 1386 ignem
352 1287 482 1362 inmissa
493 1309 529 1361 et
545 1288 735 1363 combusta.
785 1291 947 1364 Ceterum
974 1313 1036 1364 cor
1071 1293 1144 1390 ejus
1168 1297 1266 1372 inter

58 1390 188 1460 cineret
206 1388 393 1462 inventum
419 1384 470 1456 est
492 1383 668 1482 integrum
697 1408 734 1456 et
755 1382 918 1460 iilaesum.
970 1389 1265 1486 Archiepiscopa-

59 1504 123 1556 tum
147 1483 224 1577 ejus
245 1505 324 1554 cum
350 1503 434 1553 mox
459 1479 619 1576 sequente
643 1477 699 1552 die
717 1479 909 1574 suscepisset
932 1482 1050 1573 Polus,
1086 1487 1119 1558 ei
1134 1485 1266 1564 dietum

58 1579 144 1652 Eliae
175 1579 214 1652 ad
240 1579 444 1661 Achenum,
479 1571 639 1671 respediu
671 1573 853 1665 Nabotiti,
886 1579 1030 1686 occidisti
1052 1597 1084 1654 et
1104 1580 1265 1680 peffeffio·
1401 1623 1417 1653 a

58 1699 118 1746 nem
142 1676 273 1770 cepisti,
300 1673 368 1744 suit
393 1670 608 1765 adplicitum.
661 1671 754 1743 Dein
775 1669 809 1744 a.
831 1691 936 1762 1557.
961 1695 998 1746 tn
1017 1697 1174 1750 mortuos
1192 1685 1266 1754 sae·

60 1774 162 1843 vitum
197 1769 270 1854 est,
302 1785 338 1839 et
374 1764 484 1840 vivos.
535 1763 660 1838 Buceri
701 1783 739 1834 et
772 1763 870 1857 Fagii
900 1785 1049 1858 corpora
1075 1771 1263 1848 solenniter

59 1865 204 1938 damnata
230 1868 309 1937 sunt
335 1881 371 1934 et
395 1858 594 1946 combusta,
618 1860 654 1932 P.
682 1859 855 1954 Martyris
879 1879 985 1947 uxor,
1012 1861 1195 1954 sepulchro
1221 1892 1261 1940 e.

60 1961 166 2050 duda,
197 1980 235 2032 et
268 1955 451 2032 inhoneste
485 1953 617 2050 sepulta
648 1951 720 2042 est,
753 1953 810 2026 sed
845 1973 990 2047 quorum
1023 1976 1174 2050 corpora
1198 1959 1260 2038 sub

60 2055 240 2130 Elisabetha
269 2055 307 2127 in
333 2051 509 2143 integrum
535 2051 610 2122 sunt
634 2047 803 2124 restituta.
856 2047 960 2145 Quae·
981 2051 1175 2130 contrariae
1203 2076 1263 2133 ace

59 2157 158 2226 tiones
188 2151 365 2245 eleganter
400 2150 477 2219 sunt
502 2143 695 2236 descriptae
723 2143 760 2217 in
792 2143 910 2223 libello
947 2145 992 2228 de
1024 2147 1106 2222 vitia
1131 2151 1274 2230 Bueeri

60 2269 89 2320 et
112 2245 228 2343 sagii,
253 2244 311 2341 qui
336 2264 365 2314 a.
397 2263 499 2329 1522.
524 2240 655 2335 prodiit
679 2240 916 2334 Argentinae,
943 2263 1024 2316 cura
1048 2243 1130 2340 Joh.
1156 2247 1258 2345 Opo-

60 2343 128 2416 rini.
176 2345 413 2415 Fundamenta
440 2357 577 2430 quoque
605 2331 840 2430 inquisitionis
858 2335 950 2429 jadia
968 2337 1064 2428 sunt,
1092 2343 1257 2422 tribunali

61 2435 269 2512 nihilominus
298 2435 453 2506 noudum
477 2429 615 2516 cretio,
640 2451 677 2505 et
699 2431 813 2524 plures
835 2431 912 2504 sunt
938 2435 1108 2526 martyrio
1135 2437 1257 2518 ediec-j

59 2535 99 2622 ti,
121 2556 154 2605 et
176 2534 282 2628 usque
304 2529 347 2601 ad
375 2525 563 2618 nonaginta
588 2525 719 2619 septem
745 2522 893 2598 flammis
917 2529 1080 2604 absumti:
1106 2531 1192 2606 ficut
1216 2551 1256 2610 et

59 2649 84 2701 a.
109 2637 207 2719 1558.
228 2628 334 2719 usque
353 2620 560 2715 att-triginta
585 2643 727 2694 novem.
766 2621 945 2716 Martyrio
969 2646 1055 2696 vero
1087 2631 1252 2706 coronati

60 2723 248 2798 anonnuiiia
264 2721 322 2796 sub
339 2717 454 2790 Maria
472 2733 694 2788 numerantur
711 2721 814 2803 284„
839 2716 916 2803 sed,
943 2715 1128 2794 secundum
1144 2724 1254 2814 aiios,

62 2827 136 2908 800,
160 2818 277 2916 primis
297 2815 367 2910 jam
391 2811 527 2886 duobus
552 2810 649 2882 annis
673 2808 939 2904 persecutionis.
990 2815 1057 2887 Sed
1080 2819 1153 2891 hoc
1176 2818 1252 2912 ipso

61 2935 156 3004 anno,
178 2917 295 2989 Maria
318 2907 476 3003 Regina,
503 2925 583 2978 curn
608 2902 787 2978 Cardinate
812 2906 917 2995 Poto,
955 2927 1069 2982 morte
1092 2915 1252 3005 abrepta,
1310 2963 1313 2972 Δ

63 3006 194 3084 lictiesta
216 3031 288 3082 non
310 3023 443 3078 tantum
467 3025 486 3074 a
513 2998 754 3094 persecutione
778 3001 935 3088 liberata,
959 3000 1018 3074 sed
1044 3022 1081 3077 et
1103 3006 1252 3085 feticiffi·

63 3125 107 3174 me
131 3105 312 3178 reformata
346 3095 396 3170 est
426 3094 486 3170 sub
511 3093 720 3170 Elisabetha.
763 3094 862 3194 Quae
876 3095 982 3189 longe
998 3098 1172 3187 iaetiffima
1188 3125 1251 3198 pe·

63 3196 158 3272 riodus
188 3221 249 3297 pet
281 3213 394 3272 totum
425 3191 497 3266 hoc
526 3190 675 3266 seculum
707 3187 866 3280 duravit,
899 3207 1035 3272 mortua
1057 3195 1252 3278 Elisabeth!
1366 3221 1373 3234 ·

62 3314 86 3364 a.
109 3299 203 3371 ndo.

100 3385 127 3482 i.
148 3319 347 3464 03CCXLV.
380 3379 600 3473 Elisabetiu,
642 3382 735 3458 inter
773 3378 868 3456 varia
906 3381 1003 3458 vitae
1032 3385 1256 3481 discrimina

64 3501 94 3553 et
107 3483 327 3559 conscientiae
343 3481 494 3566 morsus,
517 3501 596 3554 cum
616 3477 707 3569 sese,
722 3475 765 3552 ad
781 3497 930 3555 mortem
948 3481 1168 3570 evitandam,
1194 3483 1256 3556 ali·

65 3578 286 3747 tutti
304 3573 1256 3753 sititet„tid‘ttatnitutstnin

132 3727 139 3758 t
452 3757 459 3768 ,
527 3739 532 3746 -
891 3723 935 3768 ,9
1102 3737 1110 3744 ·
1187 3762 1194 3775 ,
1261 3757 1277 3786 ,ι

104 3763 179 3841 Turn.
206 3769 286 3862 isis.
354 3761 360 3768 '
614 3765 682 3841 Xx
823 3791 826 3798 ·
1073 3796 1075 3802 ·
1121 3762 1264 3854 audem»
