3170 4430
266 134 340 302 49l
660 189 812 296 Historia
832 191 965 294 Ecclrs.
991 189 1108 295 C'ara‘st.

271 401 362 480 ergo
391 371 539 476 amplior
561 367 642 486 ‚dier
676 395 755 450 non.
771 370 889 472 posse,
922 369 1013 448 sicut
1029 387 1176 470 poterat
1197 365 1357 463 samue,
1381 365 1482 448 offia'l

273 477 430 563 ratione,
453 494 533 549 curn
559 493 597 545 rn
627 469 767 546 mundo
788 467 1007 558 versaretur,
1040 491 1154 564 aquo
1175 491 1269 544 none
1291 466 1479 566 planetes·

272 571 335 647 sat.
388 589 445 645 ro.
471 565 615 642 Pelilme
640 565 748 664 igitur
765 565 906 655 facere,
930 562 991 660 qui
1006 583 1088 638 eona
1106 585 1199 640 nunc
1216 565 1391 639 absentem
1410 563 1485 638 ado·

271 683 373 755 raut3
405 685 485 738 curn
509 683 557 736 ue
589 661 731 759 quideru
754 663 931 758 praesent,
964 655 1036 733 fine
1058 659 1209 736 rnaxirna
1234 661 1303 736 Dei
1327 659 1486 734 offensio·

272 783 340 852 ne,
372 759 472 834 aliter
493 779 596 854 quarn
623 754 725 836 civili
756 775 793 832 et
817 759 966 834 bumana
997 754 1141 852 quadarn
1172 756 1325 847 renone,
1357 748 1488 832 adorari

271 856 441 952 potuerit.
495 851 648 952 rr.1pfi
678 852 794 950 itaque
824 873 892 928 nec
913 849 1064 938 servire,
1097 872 1167 928 nec
1189 853 1318 927 cultum
1342 855 1487 948 aliquem

273 947 446 1051 praestare
470 949 534 1026 alia
557 948 712 1041 maone,
737 971 843 1046 quarn
866 946 902 1024 ei
928 945 1146 1037 obediendo,
1172 946 1312 1045 ejusque
1327 970 1485 1045 praecep·

274 1067 313 1124 aa
345 1044 583 1136 observando,
614 1062 675 1119 aut
707 1043 805 1142 polle
845 1066 910 1118 our
941 1057 1001 1118 aut
1030 1041 1178 1134 debere,
1216 1064 1274 1118 ra.
1298 1065 1413 1142 neque
1439 1041 1483 1118 isli

275 1143 476 1232 confidere,
494 1137 556 1216 nisi
573 1159 739 1238 quateuor
755 1137 849 1216 diua
864 1140 937 1236 eJut
952 1133 1133 1212 credamus
1149 1139 1220 1216 elle
1236 1159 1338 1230 vera,
1355 1157 1393 1214 et
1406 1161 1483 1236 pro·

276 1237 395 1327 missa,
429 1236 577 1312 nomine
603 1231 693 1324 Dei,
725 1236 767 1308 ab
803 1234 880 1330 ipso
913 1231 1022 1320 fabia,
1056 1231 1204 1309 firmiter
1234 1236 1406 1330 speramur
1432 1255 1484 1310 ac·

277 1351 443 1428 nepturon
465 1331 546 1406 effe.
600 1353 616 1436 ‚¹
623 1353 655 1422 3.
683 1329 780 1402 Illuur
807 1333 927 1498 itarbue
944 1330 1131 1417 invocare,
1156 1329 1320 1405 auxilium
1335 1350 1371 1404 et
1386 1351 1481 1426 open

198 1447 206 1458 ’
277 1430 356 1523 ejus
378 1428 574 1522 inplorare,
598 1429 690 1496 talem
708 1423 798 1512 else,
825 1445 865 1496 ac
908 1423 983 1520 quis
1002 1421 1171 1516 Matiani,
1198 1423 1347 1523 aliosque
1363 1423 1482 1500 santra·

274 1540 435 1598 mortuno
466 1517 629 1615 inploret.
686 1518 847 1608 14.11no
886 1517 1072 1614 nequidem
1108 1519 1269 1596 invocari
1305 1522 1417 1616 polle,
1446 1537 1480 1592 ut

275 1637 345 1716 pro
369 1614 472 1692 nobit
502 1631 601 1702 oret,
634 1634 704 1688 non
733 1612 862 1706 mag'u,
891 1635 995 1712 quarn
1023 1615 1220 1706 praedictas
1246 1615 1379 1692 sancius
1399 1639 1479 1690 nor·

278 1731 379 1806 tuor,
410 1709 490 1810 quia
519 1709 726 1784 mediatoria
759 1707 879 1785 officio
913 1729 982 1782 non
1003 1709 1150 1802 ampliat
1173 1710 1340 1808 fungitur.
1387 1707 1478 1811 Quoi

276 1832 369 1900 vero
400 1831 466 1905 pro
505 1805 607 1884 nobit
635 1805 749 1881 adhuc
780 1805 999 1902 interpellare
1037 1803 1223 1896 scribatur,
1258 1808 1329 1881 hoc
1360 1827 1477 1881 nurum

277 1903 344 1996 fibi
370 1907 481 1994 velle,
506 1901 599 1999 quod
624 1923 766 1996 precer,
792 1899 853 1974 hic
873 1903 910 1975 irr
935 1916 1029 1974 terra
1055 1921 1122 1994 pro
1146 1899 1249 1977 nobis
1279 1903 1389 1990 susae,
1412 1899 1476 1974 effi·

275 2023 380 2076 cacer
409 2017 446 2071 et
479 2019 572 2070 nunc
595 2011 775 2083 maneant,
812 2016 869 2083 15.
892 1995 1133 2070 Sacerdotium
1157 1997 1250 2094 ejur,
1278 1997 1415 2073 simodo
1433 1997 1476 2068 sa·

276 2094 400 2180 cerdon
425 2111 573 2184 unquam
604 2088 693 2177 fuit,
725 2089 891 2164 incruce
914 2089 1051 2164 finitum
1075 2089 1161 2181 effe,
1196 2115 1265 2168 nec
1286 2096 1385 2169 nobit
1406 2113 1473 2189 pro·

278 2187 374 2264 delle
405 2185 615 2259 oblationem
647 2183 741 2278 ejut,
776 2179 838 2258 nili
865 2183 957 2280 quod
992 2183 1146 2266 efficatia
1168 2189 1243 2280 ejus
1267 2187 1387 2274 duret,
1414 2205 1471 2282 quo
1562 2197 1563 2270 l

275 2285 375 2364 sensu
400 2300 562 2354 aeternus
585 2276 716 2354 dicitur
739 2277 909 2354 sacerdot.
964 2277 1127 2376 Denique
1149 2290 1204 2356 16.
1230 2307 1249 2358 a
1275 2282 1470 2358 Christouat

276 2378 370 2458 nihil
389 2375 507 2473 juvari
529 2371 646 2470 polie,
672 2373 728 2446 sed
753 2391 887 2448 tanturn
913 2372 954 2448 ad
973 2376 1091 2448 Deum
1109 2377 1384 2474 confugiendum
1398 2373 1470 2462 elie,

280 2475 399 2554 donec
421 2471 464 2546 ad
490 2491 571 2559 noa,
595 2490 739 2565 regnum
765 2469 999 2564 suscepturus,
1025 2472 1195 2561 redierit,
1213 2493 1250 2546 et
1273 2497 1358 2550 vere
1379 2469 1469 2552 Chu's·

279 2589 339 2648 tur
363 2567 435 2642 Dei
459 2565 539 2654 fiat,
565 2565 603 2638 in
628 2561 851 2640 boemundo
874 2564 1103 2660 corporaliter
1125 2568 1308 2665 praesens,
1334 2594 1394 2645 noa
1414 2561 1468 2642 Dei

279 2664 417 2746 virtute
441 2659 560 2734 foveat
588 2683 629 2736 ac
652 2657 831 2734 sustentet.

328 2757 362 2857 ς.
387 2757 582 2832 CCCCXC.
609 2755 723 2851 Quam
752 2753 915 2828 absurdae
939 2752 1045 2829 etiarn
1074 2755 1140 2831 hae
1161 2755 1294 2832 suerint
1322 2755 1472 2856 hypothe-

220 2943 225 2950 ,
280 2856 355 2945 ier,
381 2850 500 2928 nanus
525 2850 749 2928 nihilominus
770 2849 822 2924 est
845 2847 1009 2938 adseclae,
1035 2873 1180 2948 qnorum
1197 2856 1472 2962 nonnullorprae·

281 2953 408 3066 cipuoa
439 2949 638 3024 recensebo.
687 2945 858 3042 Jaaaaaas
887 2944 1053 3034 Sumatur,
1092 2947 1272 3024 Perncnsia
1302 2948 1466 3032 Misnrcur,

278 3044 708 3222 bassilissa,
725 3041 1473 3238 ⁶22⁰’aillubblrlslbrissia.

466 3178 485 3211 ὓ
717 3193 728 3228 a

280 3255 359 3326 tur,
384 3233 485 3312 brevi
502 3231 598 3327 post,
625 3256 704 3308 curn
724 3252 834 3306 uxore
849 3248 885 3301 et
903 3227 1020 3320 socru,
1046 3231 1143 3328 peste
1162 3235 1310 3327 sublatus
1326 3237 1382 3313 est.
1404 3233 1476 3307 Suc·

281 3332 382 3410 cesfit
405 3329 468 3424 ipsi
491 3329 528 3400 in
554 3349 599 3401 eo
625 3348 769 3404 munere
795 3327 992 3405 Matthaeus
1016 3327 1158 3420 Glitiat,
1184 3353 1286 3427 quern
1307 3327 1408 3426 aliqui
1422 3327 1476 3402 Po·

280 3432 402 3509 lonuru
428 3424 584 3508 faciunt,
612 3423 669 3495 sed
694 3421 762 3498 fuit
787 3423 956 3518 Johannir
977 3422 1119 3522 sylvani
1142 3442 1179 3500 et
1199 3427 1327 3504 Adarni
1343 3416 1478 3503 Nauseri

279 3523 415 3613 socius,
448 3539 486 3594 et
512 3515 765 3626 persecutione
791 3540 920 3628 'eorum
952 3521 990 3596 in
1017 3520 1210 3598 Palatinam
1236 3524 1424 3623 particeps,
1446 3533 1477 3592 ut

277 3621 387 3704 babet
417 3615 585 3714 Bibliotb.
609 3617 852 3710 Anti-trinit„
878 3636 1061 3716 praeterea
1084 3615 1239 3717 Jocabor
1260 3619 1478 3795 PasaGetltguo

238 3735 247 3742 ·
521 3761 525 3768 -
748 3777 751 3786 .
1358 3727 1477 3800 raetos,
