3000 4800
129 668 208 729 ,n
520 568 969 743 anennoeton.

138 818 272 913 Ducit,
307 833 437 913 magno
461 806 615 889 fuceeffu
633 812 742 907 fecit,
772 816 863 894 adeo
889 836 930 893 ot
957 812 1069 913 spatio
1090 813 1224 894 biennii
1250 812 1369 897 tornai

138 926 315 1001 Ducatum
337 914 401 985 bac
426 911 505 983 luce
525 906 760 991 illustraverit.
810 914 879 989 Sed
901 914 1136 1009 inprudentia,
1173 934 1213 987 et
1234 910 1369 1005 nimii,

142 1018 229 1103 zeli,
261 1034 332 1110 quo
360 1006 545 1105 flagravit,
576 1006 671 1081 dedit
698 1028 736 1082 et
764 1008 824 1087 hic
848 1010 1050 1101 iudicium,
1069 1010 1164 1113 quod
1189 1010 1257 1106 ipfi
1279 1010 1371 1085 male

145 1110 268 1201 cellit,
292 1125 327 1179 et
351 1104 470 1197 fugam
494 1104 659 1200 peperit,
683 1104 721 1178 in
744 1126 791 1181 eo
808 1104 931 1192 ntum,
955 1108 1047 1202 quod
1072 1108 1217 1179 Antonii
1240 1104 1372 1203 imagi*

143 1230 244 1297 nem,
270 1225 333 1301 per
360 1204 480 1273 urbem
507 1197 826 1297 circumgestatum,
850 1199 1003 1276 manum
1018 1202 1290 1277 sacrificulorum
1309 1220 1374 1275 ex·

147 1302 311 1386 cuss'erit,
336 1316 371 1368 et
395 1294 431 1369 in
459 1295 589 1369 flumen
614 1296 823 1389 conjecerit.

191 1399 224 1499 ς.
251 1390 411 1469 ccxix.
429 1392 573 1464 Bernam
593 1391 709 1487 itaque
720 1392 907 1481 secedent,
925 1387 1026 1481 inde,
1043 1386 1177 1469 Halleri
1193 1393 1373 1487 coosrlio,

143 1498 184 1575 se
207 1486 358 1570 contulit
391 1488 589 1584 Aquilejam
622 1488 809 1561 Bernatum
848 1486 1041 1583 oppidum,
1077 1490 1183 1588 Aigle
1214 1490 1374 1583 aruum,-

144 1592 207 1671 sub
232 1589 338 1665 linem
362 1607 394 1659 a.
419 1592 550 1675 1526„
578 1586 720 1679 perrona
738 1580 977 1679 lodi-magistri
1001 1584 1137 1674 sumta,
1155 1610 1237 1660 cum
1256 1588 1376 1663 nomi·¹

148 1710 209 1767 me
230 1680 393 1761 Gulielmi
420 1678 550 1755 Urfrni.
603 1678 814 1755 admonitor
825 1696 940 1752 autem
957 1679 1001 1753 ab
1016 1680 1312 1778 Oecolampatlio,
1329 1698 1374 1761 ut

150 1788 265 1860 aulum
289 1794 518 1872 temperaret,
543 1791 580 1846 et
608 1773 742 1849 Christi
767 1776 1100 1881 fetdcomumdaret
1114 1778 1269 1876 legibue,
1294 1798 1378 1857 tuo-¹

150 1902 227 1955 rem
264 1874 477 1969 aliquateuut
515 1866 636 1965 geffit,
668 1887 708 1941 et
744 1868 925 1965 juventuti
960 1872 1144 1947 veritatem
1176 1874 1378 1971 salutarem,

152 1996 209 2053 ma
237 1992 283 2044 no
306 1990 387 2042 cum
409 1956 552 2053 fruflu,
578 1960 780 2055 instillavit,
804 1964 918 2039 donec
933 1964 1117 2042 Bematurn
1132 1991 1203 2067 ope
1214 1971 1378 2067 adjutut,

151 2092 197 2169 pa
227 2087 325 2141 orem
350 2080 389 2137 et
412 2060 697 2135 concionatorem
749 2058 921 2148 oblicum,
946 2061 1173 2151 nominefuo
1196 2064 1378 2163 refumto,

149 2186 255 2267 agere
271 2155 431 2256 eoeperit
452 2180 484 2233 a.
506 2178 613 2251 ¹527·
661 2156 687 2229 S
738 2172 753 2247 ·,
804 2176 851 2231 uo
876 2154 1377 2261 majureufecloprogreffut,

157 2286 205 2339 en
230 2250 482 2357 gravionem
507 2270 673 2350 expertut
693 2179 949 2351 oppinione,
975 2276 1063 2350 quae
1086 2266 1112 2330 a'
1130 2264 1276 2333 tumultu
1303 2258 1378 2335 sae·

153 2382 202 2460 pe
244 2376 354 2453 prope
395 2354 549 2426 aberant.
609 2350 746 2447 Quare,
785 2347 1006 2423 Berneufrum
1048 2353 1164 2427 editio
1197 2355 1378 2447 munitur,¹

156 2448 311 2529 tetendit
339 2470 371 2521 a.
402 2466 507 2535 1529.
531 2446 735 2532 Moratum,
778 2443 895 2540 gentis
918 2446 1132 2522 Helveticae
1155 2448 1234 2524 fatis
1249 2450 1378 2526 illustre

160 2541 413 2638 municipium,
449 2537 675 2612 Bernenfrbut
700 2556 737 2612 et
759 2539 1043 2636 friburgenfrbus
1065 2545 1275 2639 fubjeflumt
1299 2568 1378 2623 tan·

158 2662 265 2737 toque
302 2655 383 2709 cum
419 2630 572 2705 succeffu
613 2632 754 2724 docuit,
805 2653 845 2709 ut
873 2658 993 2732 parum
1025 2641 1170 2731 afuerit,
1212 2643 1293 2739 quin
1317 2667 1378 2737 per

157 2734 308 2837 plutima
347 2747 432 2801 vota
466 2727 573 2801 fuerit
609 2749 675 2823 pro
713 2729 965 2807 reformatione
1001 2738 1215 2812 conclusum.
1269 2741 1378 2816 Hauc

154 2833 248 2910 enim
273 2823 555 2903 reformationem
572 2824 814 2903 introducendi
832 2828 1001 2903 rationem
1020 2826 1227 2924 tenuerunt,
1246 2839 1279 2909 vi
1297 2861 1378 2934 pac·

161 2932 210 3020 ti,
237 2930 431 3009 Cantonet,
456 2918 594 2994 defeflu
624 2923 849 3013 tolerantiae,
873 2949 960 3020 quae
984 2929 1091 3002 multa
1117 2932 1284 3026 produxit
1308 2958 1378 3009 ma·¹

159 3030 203 3102 la.
254 3016 436 3096 Profeflut
458 3017 538 3089 dein
564 3015 615 3089 est
640 3018 873 3110 Laufannam,
900 3022 956 3095 fed
985 3022 1074 3097 haud
1099 3028 1160 3102 diu
1177 3029 1275 3123 post,
1300 3054 1377 3105 cum

158 3120 210 3198 ibi
244 3138 316 3191 non
348 3110 607 3204 admitteretur,
633 3113 857 3192 Neocomum
884 3115 1141 3219 (Neuchatel,)
1177 3126 1236 3198 ubi
1253 3128 1377 3201 eodem

157 3216 235 3294 fere
259 3210 412 3321 successu
438 3206 580 3298 docuit,
605 3209 688 3319 licet
713 3211 806 3325 int-er
831 3235 955 3311 graves
977 3215 1202 3312 Magistratus
1224 3241 1261 3291 et
1285 3220 1377 3295 Cleri

160 3302 1377 3516 fruflrlrnffrfille?{luziliafflilrfinit

160 3523 235 3585 erat
264 3498 488 3587 reformatio,
524 3517 562 3571 ut
595 3521 670 3572 eam
696 3500 837 3575 ulterius
862 3522 1108 3595 promoveret,
1134 3504 1219 3579 ficut
1246 3526 1281 3578 et
1308 3507 1377 3601 ibi,

162 3624 201 3678 et
224 3602 263 3674 in
290 3595 375 3672 locis
400 3592 546 3683 vicinis,
582 3592 719 3669 llrenue
752 3599 903 3706 peregit.
955 3602 1043 3674 Cum
1069 3623 1157 3676 vero
1179 3601 1377 3696 Neocomi,

159 3719 198 3775 et
231 3716 291 3791 per
324 3712 445 3784 agrum
477 3689 700 3799 Biellensem,
732 3691 961 3767 drlfeminaret
992 3699 1225 3793 euangelicam
1253 3700 1377 3775 doflri·

160 3816 261 3882 nam,
286 3810 328 3862 eu
350 3784 533 3860 Neocomr
559 3803 674 3857 tantos
697 3785 787 3860 fecit
808 3791 1020 3884 progrelfur‚
1048 3815 1087 3868 ut
1111 3796 1292 3870 reformati
1308 3796 1377 3872 fue·

159 3890 236 3967 rint
261 3905 407 3959 numero
426 3880 500 3954 fere
516 3880 677 3974 aequales
699 3884 913 3972 catholicin
938 3886 1109 3983 imaginet
1125 3912 1284 3988 quoque,
1310 3916 1376 3969 non

160 3979 380 4069 obstantibus
412 3974 690 4066 catholicorum,
726 3982 850 4075 quibua
874 3985 1058 4062 Comitilfa
1082 4004 1119 4059 et
1153 3987 1376 4084 Magistratus

158 4104 269 4191 opem
282 4074 463 4177 ferebant,
487 4070 756 4187 uehementibut
771 4077 1071 4181 opportunum,
1106 4103 1143 4164 er
1159 4084 1376 4279 m’ffi

174 4270 189 4311 ,
300 4264 311 4285 .
