<?xml version="1.0" encoding="UTF-8"?>
<!DOCTYPE html PUBLIC "-//W3C//DTD XHTML 1.0 Transitional//EN"
    "http://www.w3.org/TR/xhtml1/DTD/xhtml1-transitional.dtd">
<html xmlns="http://www.w3.org/1999/xhtml" xml:lang="en" lang="en">
 <head>
  <title>
</title>
<meta http-equiv="Content-Type" content="text/html;charset=utf-8" />
  <meta name='ocr-system' content='tesseract 3.04.00' />
  <meta name='ocr-capabilities' content='ocr_page ocr_carea ocr_par ocr_line ocrx_word'/>
</head>
<body>
  <div class='ocr_page' id='page_1' title='image "./hermannivenemai06venegoog/hermannivenemai06venegoog_0349.png"; bbox 0 0 3098 4436; ppageno 0'>
   <div class='ocr_carea' id='block_1_1' title="bbox 256 87 1087 236">
    <p class='ocr_par' dir='ltr' id='par_1_1' title="bbox 256 87 1087 236">
     <span class='ocr_line' id='line_1_1' title="bbox 256 87 1087 236; baseline -0.02 -9"><span class='ocrx_word' id='word_1_1' title='bbox 256 155 333 236; x_wconf 77' lang='lat'>344</span> <span class='ocrx_word' id='word_1_2' title='bbox 407 87 423 98; x_wconf 36' lang='lat'><strong>‘</strong></span> <span class='ocrx_word' id='word_1_3' title='bbox 645 131 794 236; x_wconf 83' lang='lat' dir='ltr'>Historia</span> <span class='ocrx_word' id='word_1_4' title='bbox 817 133 945 236; x_wconf 82' lang='lat' dir='ltr'>EccleJ.</span> <span class='ocrx_word' id='word_1_5' title='bbox 973 123 1087 234; x_wconf 75' lang='lat' dir='ltr'>Christ.</span> 
     </span>
    </p>
   </div>
   <div class='ocr_carea' id='block_1_2' title="bbox 160 303 1540 3584">
    <p class='ocr_par' dir='ltr' id='par_1_2' title="bbox 255 303 1540 3096">
     <span class='ocr_line' id='line_1_2' title="bbox 260 303 1478 412; baseline -0.008 -24"><span class='ocrx_word' id='word_1_6' title='bbox 260 335 298 390; x_wconf 85' lang='lat' dir='ltr'>et</span> <span class='ocrx_word' id='word_1_7' title='bbox 325 310 743 406; x_wconf 72' lang='lat' dir='ltr'>Dassarensntthun,</span> <span class='ocrx_word' id='word_1_8' title='bbox 775 314 1000 412; x_wconf 88' lang='lat' dir='ltr'>caeterosque</span> <span class='ocrx_word' id='word_1_9' title='bbox 1033 306 1209 386; x_wconf 72' lang='lat' dir='ltr'>notiores</span> <span class='ocrx_word' id='word_1_10' title='bbox 1244 303 1478 397; x_wconf 77' lang='lat' dir='ltr'>oxonienses,</span> 
     </span>
     <span class='ocr_line' id='line_1_3' title="bbox 261 403 1478 503; baseline -0.012 -17"><span class='ocrx_word' id='word_1_11' title='bbox 261 419 310 486; x_wconf 86' lang='lat' dir='ltr'>de</span> <span class='ocrx_word' id='word_1_12' title='bbox 352 407 737 484; x_wconf 84' lang='lat' dir='ltr'>&#39;l&#39;ransubstentiutione</span> <span class='ocrx_word' id='word_1_13' title='bbox 780 431 818 486; x_wconf 92' lang='lat' dir='ltr'>et</span> <span class='ocrx_word' id='word_1_14' title='bbox 857 411 982 501; x_wconf 84' lang='lat' dir='ltr'>Milia,</span> <span class='ocrx_word' id='word_1_15' title='bbox 1021 409 1169 503; x_wconf 89' lang='lat' dir='ltr'>denique</span> <span class='ocrx_word' id='word_1_16' title='bbox 1202 406 1297 479; x_wconf 87' lang='lat' dir='ltr'>inter</span> <span class='ocrx_word' id='word_1_17' title='bbox 1333 403 1478 479; x_wconf 85' lang='lat' dir='ltr'>Latine·</span> 
     </span>
     <span class='ocr_line' id='line_1_4' title="bbox 260 497 1475 602; baseline -0.009 -20"><span class='ocrx_word' id='word_1_18' title='bbox 260 529 338 582; x_wconf 84' lang='lat' dir='ltr'>sum</span> <span class='ocrx_word' id='word_1_19' title='bbox 364 529 400 580; x_wconf 88' lang='lat' dir='ltr'>et</span> <span class='ocrx_word' id='word_1_20' title='bbox 428 505 619 596; x_wconf 84' lang='lat' dir='ltr'>Smitlrum,</span> <span class='ocrx_word' id='word_1_21' title='bbox 653 507 828 582; x_wconf 83' lang='lat' dir='ltr'>recensuit</span> <span class='ocrx_word' id='word_1_22' title='bbox 852 509 1004 588; x_wconf 84' lang='lat' dir='ltr'>fideliter</span> <span class='ocrx_word' id='word_1_23' title='bbox 1028 505 1108 602; x_wconf 87' lang='lat' dir='ltr'>Jolr.</span> <span class='ocrx_word' id='word_1_24' title='bbox 1141 505 1257 576; x_wconf 80' lang='lat' dir='ltr'>Foxus</span> <span class='ocrx_word' id='word_1_25' title='bbox 1282 503 1348 576; x_wconf 91' lang='lat' dir='ltr'>lib.</span> <span class='ocrx_word' id='word_1_26' title='bbox 1376 504 1436 572; x_wconf 88' lang='lat' dir='ltr'>cit.</span> <span class='ocrx_word' id='word_1_27' title='bbox 1455 497 1475 571; x_wconf 92' lang='lat' dir='ltr'>l.</span> 
     </span>
     <span class='ocr_line' id='line_1_5' title="bbox 255 597 1474 702; baseline -0.011 -24"><span class='ocrx_word' id='word_1_28' title='bbox 255 603 331 686; x_wconf 74' lang='lat' dir='ltr'>Vl.</span> <span class='ocrx_word' id='word_1_29' title='bbox 380 601 484 702; x_wconf 87' lang='lat' dir='ltr'>Quod</span> <span class='ocrx_word' id='word_1_30' title='bbox 515 621 703 698; x_wconf 85' lang='lat' dir='ltr'>antequam</span> <span class='ocrx_word' id='word_1_31' title='bbox 728 603 858 678; x_wconf 65' lang='lat' dir='ltr'>sadum</span> <span class='ocrx_word' id='word_1_32' title='bbox 883 603 952 690; x_wconf 87' lang='lat' dir='ltr'>est,</span> <span class='ocrx_word' id='word_1_33' title='bbox 977 600 1086 692; x_wconf 84' lang='lat' dir='ltr'>rediit</span> <span class='ocrx_word' id='word_1_34' title='bbox 1111 599 1327 694; x_wconf 88' lang='lat' dir='ltr'>Reginaldus</span> <span class='ocrx_word' id='word_1_35' title='bbox 1361 597 1474 679; x_wconf 88' lang='lat' dir='ltr'>Polus,</span> 
     </span>
     <span class='ocr_line' id='line_1_6' title="bbox 259 690 1480 866; baseline -0.01 -94"><span class='ocrx_word' id='word_1_36' title='bbox 259 700 358 796; x_wconf 90' lang='lat' dir='ltr'>cujus</span> <span class='ocrx_word' id='word_1_37' title='bbox 384 701 480 866; x_wconf 80' lang='lat' dir='ltr'>supra</span> <span class='ocrx_word' id='word_1_38' title='bbox 505 700 664 788; x_wconf 82' lang='lat' dir='ltr'>tuemini,</span> <span class='ocrx_word' id='word_1_39' title='bbox 688 701 757 796; x_wconf 87' lang='lat' dir='ltr'>jam</span> <span class='ocrx_word' id='word_1_40' title='bbox 783 701 992 793; x_wconf 79' lang='lat' dir='ltr'>Cardinalis,</span> <span class='ocrx_word' id='word_1_41' title='bbox 1025 698 1062 771; x_wconf 91' lang='lat' dir='ltr'>iu</span> <span class='ocrx_word' id='word_1_42' title='bbox 1087 697 1267 792; x_wconf 89' lang='lat' dir='ltr'>Angliam,</span> <span class='ocrx_word' id='word_1_43' title='bbox 1299 695 1365 768; x_wconf 92' lang='lat' dir='ltr'>sub</span> <span class='ocrx_word' id='word_1_44' title='bbox 1386 690 1480 764; x_wconf 88' lang='lat' dir='ltr'>titulo</span> 
     </span>
     <span class='ocr_line' id='line_1_7' title="bbox 260 785 1481 894; baseline -0.01 -26"><span class='ocrx_word' id='word_1_45' title='bbox 260 793 389 890; x_wconf 82' lang='lat' dir='ltr'>Legati</span> <span class='ocrx_word' id='word_1_46' title='bbox 439 815 542 890; x_wconf 87' lang='lat' dir='ltr'>apae,</span> <span class='ocrx_word' id='word_1_47' title='bbox 567 814 606 868; x_wconf 90' lang='lat' dir='ltr'>et</span> <span class='ocrx_word' id='word_1_48' title='bbox 630 797 796 894; x_wconf 84' lang='lat' dir='ltr'>Regnum</span> <span class='ocrx_word' id='word_1_49' title='bbox 811 800 864 870; x_wconf 84' lang='lat' dir='ltr'>ab</span> <span class='ocrx_word' id='word_1_50' title='bbox 890 793 1087 872; x_wconf 66' lang='lat' dir='ltr'>interdisto</span> <span class='ocrx_word' id='word_1_51' title='bbox 1111 793 1207 866; x_wconf 84' lang='lat' dir='ltr'>sacro</span> <span class='ocrx_word' id='word_1_52' title='bbox 1232 785 1421 875; x_wconf 86' lang='lat' dir='ltr'>liberavit,</span> <span class='ocrx_word' id='word_1_53' title='bbox 1445 806 1481 856; x_wconf 86' lang='lat' dir='ltr'>ac</span> 
     </span>
     <span class='ocr_line' id='line_1_8' title="bbox 263 886 1482 988; baseline -0.01 -24"><span class='ocrx_word' id='word_1_54' title='bbox 263 913 346 964; x_wconf 91' lang='lat' dir='ltr'>curn</span> <span class='ocrx_word' id='word_1_55' title='bbox 387 891 477 980; x_wconf 87' lang='lat' dir='ltr'>Papa</span> <span class='ocrx_word' id='word_1_56' title='bbox 515 891 779 981; x_wconf 86' lang='lat' dir='ltr'>reconciliavit,</span> <span class='ocrx_word' id='word_1_57' title='bbox 813 888 992 988; x_wconf 84' lang='lat' dir='ltr'>postquam</span> <span class='ocrx_word' id='word_1_58' title='bbox 1025 888 1143 964; x_wconf 83' lang='lat' dir='ltr'>omnia</span> <span class='ocrx_word' id='word_1_59' title='bbox 1178 886 1331 961; x_wconf 85' lang='lat' dir='ltr'>chrici</span> <span class='ocrx_word' id='word_1_60' title='bbox 1365 900 1482 956; x_wconf 87' lang='lat' dir='ltr'>contra</span> 
     </span>
     <span class='ocr_line' id='line_1_9' title="bbox 261 981 1479 1082; baseline -0.011 -20"><span class='ocrx_word' id='word_1_61' title='bbox 261 987 389 1082; x_wconf 83' lang='lat' dir='ltr'>Papam</span> <span class='ocrx_word' id='word_1_62' title='bbox 416 984 491 1058; x_wconf 75' lang='lat' dir='ltr'>aeta</span> <span class='ocrx_word' id='word_1_63' title='bbox 515 985 660 1060; x_wconf 88' lang='lat' dir='ltr'>decreto</span> <span class='ocrx_word' id='word_1_64' title='bbox 684 987 890 1061; x_wconf 88' lang='lat' dir='ltr'>Parlamenti</span> <span class='ocrx_word' id='word_1_65' title='bbox 911 986 1020 1060; x_wconf 81' lang='lat' dir='ltr'>client</span> <span class='ocrx_word' id='word_1_66' title='bbox 1038 981 1192 1070; x_wconf 78' lang='lat' dir='ltr'>rescissa,</span> <span class='ocrx_word' id='word_1_67' title='bbox 1218 1004 1256 1055; x_wconf 86' lang='lat' dir='ltr'>et</span> <span class='ocrx_word' id='word_1_68' title='bbox 1274 982 1402 1055; x_wconf 90' lang='lat' dir='ltr'>titulus</span> <span class='ocrx_word' id='word_1_69' title='bbox 1417 983 1479 1076; x_wconf 83' lang='lat' dir='ltr'>pri·</span> 
     </span>
     <span class='ocr_line' id='line_1_10' title="bbox 261 1076 1485 1180; baseline -0.013 -22"><span class='ocrx_word' id='word_1_70' title='bbox 261 1099 371 1158; x_wconf 84' lang='lat' dir='ltr'>matus</span> <span class='ocrx_word' id='word_1_71' title='bbox 396 1081 534 1176; x_wconf 83' lang='lat' dir='ltr'>Regum</span> <span class='ocrx_word' id='word_1_72' title='bbox 561 1083 706 1180; x_wconf 80' lang='lat' dir='ltr'>Angliae</span> <span class='ocrx_word' id='word_1_73' title='bbox 729 1084 886 1158; x_wconf 87' lang='lat' dir='ltr'>abolitus.</span> <span class='ocrx_word' id='word_1_74' title='bbox 936 1087 1005 1156; x_wconf 85' lang='lat' dir='ltr'>Sed</span> <span class='ocrx_word' id='word_1_75' title='bbox 1031 1079 1131 1155; x_wconf 82' lang='lat' dir='ltr'>divisi</span> <span class='ocrx_word' id='word_1_76' title='bbox 1157 1078 1296 1152; x_wconf 88' lang='lat' dir='ltr'>fuerunt</span> <span class='ocrx_word' id='word_1_77' title='bbox 1320 1076 1429 1152; x_wconf 90' lang='lat' dir='ltr'>Polus</span> <span class='ocrx_word' id='word_1_78' title='bbox 1452 1088 1485 1144; x_wconf 90' lang='lat' dir='ltr'>et</span> 
     </span>
     <span class='ocr_line' id='line_1_11' title="bbox 266 1169 1484 1275; baseline -0.01 -23"><span class='ocrx_word' id='word_1_79' title='bbox 266 1174 483 1252; x_wconf 82' lang='lat' dir='ltr'>Gurdinerus</span> <span class='ocrx_word' id='word_1_80' title='bbox 523 1177 613 1252; x_wconf 80' lang='lat' dir='ltr'>circa</span> <span class='ocrx_word' id='word_1_81' title='bbox 652 1181 792 1252; x_wconf 92' lang='lat' dir='ltr'>modum</span> <span class='ocrx_word' id='word_1_82' title='bbox 834 1169 961 1275; x_wconf 68' lang='lat' dir='ltr'>agendi</span> <span class='ocrx_word' id='word_1_83' title='bbox 1006 1200 1085 1253; x_wconf 92' lang='lat' dir='ltr'>cum</span> <span class='ocrx_word' id='word_1_84' title='bbox 1121 1175 1326 1268; x_wconf 80' lang='lat' dir='ltr'>haereticis,</span> <span class='ocrx_word' id='word_1_85' title='bbox 1362 1189 1484 1244; x_wconf 87' lang='lat' dir='ltr'>contra</span> 
     </span>
     <span class='ocr_line' id='line_1_12' title="bbox 265 1270 1480 1373; baseline -0.01 -25"><span class='ocrx_word' id='word_1_86' title='bbox 265 1299 352 1373; x_wconf 90' lang='lat' dir='ltr'>quos</span> <span class='ocrx_word' id='word_1_87' title='bbox 383 1274 546 1366; x_wconf 87' lang='lat' dir='ltr'>antiquae</span> <span class='ocrx_word' id='word_1_88' title='bbox 573 1275 866 1350; x_wconf 85' lang='lat' dir='ltr'>Antichristiauae</span> <span class='ocrx_word' id='word_1_89' title='bbox 892 1277 986 1371; x_wconf 84' lang='lat' dir='ltr'>leges</span> <span class='ocrx_word' id='word_1_90' title='bbox 1008 1270 1084 1347; x_wconf 91' lang='lat' dir='ltr'>sunt</span> <span class='ocrx_word' id='word_1_91' title='bbox 1107 1291 1307 1350; x_wconf 76' lang='lat' dir='ltr'>renovatae.</span> <span class='ocrx_word' id='word_1_92' title='bbox 1359 1270 1480 1349; x_wconf 88' lang='lat' dir='ltr'>Polus,</span> 
     </span>
     <span class='ocr_line' id='line_1_13' title="bbox 266 1359 1480 1470; baseline -0.007 -27"><span class='ocrx_word' id='word_1_93' title='bbox 266 1372 329 1470; x_wconf 78' lang='lat' dir='ltr'>‘qui</span> <span class='ocrx_word' id='word_1_94' title='bbox 361 1369 572 1446; x_wconf 84' lang='lat' dir='ltr'>moderatior</span> <span class='ocrx_word' id='word_1_95' title='bbox 596 1391 692 1456; x_wconf 87' lang='lat' dir='ltr'>erat,</span> <span class='ocrx_word' id='word_1_96' title='bbox 721 1391 758 1444; x_wconf 90' lang='lat' dir='ltr'>et</span> <span class='ocrx_word' id='word_1_97' title='bbox 784 1395 803 1444; x_wconf 89' lang='lat' dir='ltr'>a</span> <span class='ocrx_word' id='word_1_98' title='bbox 837 1369 1078 1463; x_wconf 85' lang='lat' dir='ltr'>persecutione</span> <span class='ocrx_word' id='word_1_99' title='bbox 1108 1367 1277 1458; x_wconf 86' lang='lat' dir='ltr'>alienior,</span> <span class='ocrx_word' id='word_1_100' title='bbox 1310 1359 1480 1458; x_wconf 63' lang='lat' dir='ltr'>suspector</span> 
     </span>
     <span class='ocr_line' id='line_1_14' title="bbox 262 1457 1481 1559; baseline -0.011 -19"><span class='ocrx_word' id='word_1_101' title='bbox 262 1467 372 1540; x_wconf 86' lang='lat' dir='ltr'>etiarn</span> <span class='ocrx_word' id='word_1_102' title='bbox 402 1463 579 1559; x_wconf 87' lang='lat' dir='ltr'>aliquando</span> <span class='ocrx_word' id='word_1_103' title='bbox 612 1463 861 1539; x_wconf 79' lang='lat' dir='ltr'>Lutlietanismi</span> <span class='ocrx_word' id='word_1_104' title='bbox 897 1467 1049 1554; x_wconf 84' lang='lat' dir='ltr'>habitus,</span> <span class='ocrx_word' id='word_1_105' title='bbox 1083 1463 1222 1558; x_wconf 90' lang='lat' dir='ltr'>dequo</span> <span class='ocrx_word' id='word_1_106' title='bbox 1248 1461 1323 1535; x_wconf 90' lang='lat' dir='ltr'>Vid</span> <span class='ocrx_word' id='word_1_107' title='bbox 1362 1457 1481 1534; x_wconf 87' lang='lat' dir='ltr'>Schel-</span> 
     </span>
     <span class='ocr_line' id='line_1_15' title="bbox 264 1551 1476 1654; baseline -0.012 -18"><span class='ocrx_word' id='word_1_108' title='bbox 264 1561 355 1636; x_wconf 89' lang='lat' dir='ltr'>horn</span> <span class='ocrx_word' id='word_1_109' title='bbox 389 1559 554 1633; x_wconf 80' lang='lat' dir='ltr'>amoenis.</span> <span class='ocrx_word' id='word_1_110' title='bbox 582 1559 676 1634; x_wconf 90' lang='lat' dir='ltr'>Hist.</span> <span class='ocrx_word' id='word_1_111' title='bbox 702 1582 770 1636; x_wconf 89' lang='lat' dir='ltr'>etc.</span> <span class='ocrx_word' id='word_1_112' title='bbox 799 1583 883 1634; x_wconf 89' lang='lat' dir='ltr'>tom.</span> <span class='ocrx_word' id='word_1_113' title='bbox 911 1563 961 1650; x_wconf 90' lang='lat'>1.‚</span> <span class='ocrx_word' id='word_1_114' title='bbox 996 1560 1055 1634; x_wconf 91' lang='lat' dir='ltr'>ubi</span> <span class='ocrx_word' id='word_1_115' title='bbox 1080 1563 1188 1632; x_wconf 87' lang='lat' dir='ltr'>etiam</span> <span class='ocrx_word' id='word_1_116' title='bbox 1215 1560 1288 1654; x_wconf 88' lang='lat' dir='ltr'>ejus</span> <span class='ocrx_word' id='word_1_117' title='bbox 1312 1551 1476 1651; x_wconf 81' lang='lat' dir='ltr'>epistola,</span> 
     </span>
     <span class='ocr_line' id='line_1_16' title="bbox 265 1646 1540 1752; baseline -0.009 -22"><span class='ocrx_word' id='word_1_118' title='bbox 265 1657 359 1752; x_wconf 77' lang='lat' dir='ltr'>leiiu</span> <span class='ocrx_word' id='word_1_119' title='bbox 385 1652 511 1750; x_wconf 88' lang='lat' dir='ltr'>digna,</span> <span class='ocrx_word' id='word_1_120' title='bbox 534 1655 577 1728; x_wconf 84' lang='lat' dir='ltr'>ad</span> <span class='ocrx_word' id='word_1_121' title='bbox 602 1655 796 1731; x_wconf 89' lang='lat' dir='ltr'>Eduardum</span> <span class='ocrx_word' id='word_1_122' title='bbox 815 1659 882 1730; x_wconf 90' lang='lat' dir='ltr'>Vl.</span> <span class='ocrx_word' id='word_1_123' title='bbox 906 1660 1099 1752; x_wconf 87' lang='lat' dir='ltr'>reperitur,</span> <span class='ocrx_word' id='word_1_124' title='bbox 1127 1653 1267 1730; x_wconf 85' lang='lat' dir='ltr'>mo&#39;dum</span> <span class='ocrx_word' id='word_1_125' title='bbox 1285 1671 1478 1752; x_wconf 84' lang='lat' dir='ltr'>propagari·</span> <span class='ocrx_word' id='word_1_126' title='bbox 1539 1646 1540 1741; x_wconf 78' lang='lat' dir='ltr'>l</span> 
     </span>
     <span class='ocr_line' id='line_1_17' title="bbox 265 1740 1474 1862; baseline -0.011 -35"><span class='ocrx_word' id='word_1_127' title='bbox 265 1753 400 1862; x_wconf 33' lang='lat' dir='ltr'>dae-et</span> <span class='ocrx_word' id='word_1_128' title='bbox 434 1751 580 1824; x_wconf 88' lang='lat' dir='ltr'>tuendae</span> <span class='ocrx_word' id='word_1_129' title='bbox 610 1753 790 1850; x_wconf 86' lang='lat' dir='ltr'>religionis</span> <span class='ocrx_word' id='word_1_130' title='bbox 820 1752 947 1828; x_wconf 74' lang='lat' dir='ltr'>resisus</span> <span class='ocrx_word' id='word_1_131' title='bbox 978 1753 1193 1848; x_wconf 82' lang='lat' dir='ltr'>intelligens,</span> <span class='ocrx_word' id='word_1_132' title='bbox 1219 1754 1322 1846; x_wconf 83' lang='lat' dir='ltr'>leges</span> <span class='ocrx_word' id='word_1_133' title='bbox 1344 1740 1474 1824; x_wconf 87' lang='lat' dir='ltr'>censuit</span> 
     </span>
     <span class='ocr_line' id='line_1_18' title="bbox 265 1841 1473 1940; baseline -0.016 -10"><span class='ocrx_word' id='word_1_134' title='bbox 265 1847 657 1935; x_wconf 75' lang='lat' dir='ltr'>mittut,“Gardinerus</span> <span class='ocrx_word' id='word_1_135' title='bbox 696 1848 864 1940; x_wconf 89' lang='lat' dir='ltr'>severius,</span> <span class='ocrx_word' id='word_1_136' title='bbox 906 1848 1110 1922; x_wconf 79' lang='lat' dir='ltr'>executioni</span> <span class='ocrx_word' id='word_1_137' title='bbox 1149 1847 1218 1934; x_wconf 79' lang='lat' dir='ltr'>elle</span> <span class='ocrx_word' id='word_1_138' title='bbox 1259 1841 1473 1918; x_wconf 82' lang='lat' dir='ltr'>mandandas.</span> 
     </span>
     <span class='ocr_line' id='line_1_19' title="bbox 266 1936 1472 2042; baseline -0.001 -22"><span class='ocrx_word' id='word_1_139' title='bbox 266 1944 336 2024; x_wconf 88' lang='lat' dir='ltr'>Sed</span> <span class='ocrx_word' id='word_1_140' title='bbox 377 1941 543 2018; x_wconf 82' lang='lat' dir='ltr'>severitas</span> <span class='ocrx_word' id='word_1_141' title='bbox 586 1944 827 2042; x_wconf 71' lang='lat' dir='ltr'>triumphavit.</span> <span class='ocrx_word' id='word_1_142' title='bbox 887 1945 1046 2039; x_wconf 89' lang='lat' dir='ltr'>Rogerus</span> <span class='ocrx_word' id='word_1_143' title='bbox 1085 1944 1222 2036; x_wconf 86' lang='lat' dir='ltr'>itaque,</span> <span class='ocrx_word' id='word_1_144' title='bbox 1265 1936 1472 2036; x_wconf 74' lang='lat' dir='ltr'>Hooperuss</span> 
     </span>
     <span class='ocr_line' id='line_1_20' title="bbox 266 2031 1473 2136; baseline -0.011 -25"><span class='ocrx_word' id='word_1_145' title='bbox 266 2038 455 2126; x_wconf 85' lang='lat' dir='ltr'>sanderus,</span> <span class='ocrx_word' id='word_1_146' title='bbox 488 2058 526 2112; x_wconf 84' lang='lat' dir='ltr'>et</span> <span class='ocrx_word' id='word_1_147' title='bbox 560 2039 748 2135; x_wconf 85' lang='lat' dir='ltr'>Taylerus,</span> <span class='ocrx_word' id='word_1_148' title='bbox 780 2038 847 2112; x_wconf 85' lang='lat' dir='ltr'>viri</span> <span class='ocrx_word' id='word_1_149' title='bbox 871 2041 1021 2136; x_wconf 84' lang='lat' dir='ltr'>egregii,</span> <span class='ocrx_word' id='word_1_150' title='bbox 1052 2059 1089 2110; x_wconf 88' lang='lat' dir='ltr'>et</span> <span class='ocrx_word' id='word_1_151' title='bbox 1114 2037 1258 2134; x_wconf 74' lang='lat' dir='ltr'>publicis</span> <span class='ocrx_word' id='word_1_152' title='bbox 1279 2031 1473 2110; x_wconf 84' lang='lat' dir='ltr'>muneribus</span> 
     </span>
     <span class='ocr_line' id='line_1_21' title="bbox 264 2132 1540 2232; baseline -0.014 -22"><span class='ocrx_word' id='word_1_153' title='bbox 264 2132 428 2216; x_wconf 87' lang='lat' dir='ltr'>illustres,</span> <span class='ocrx_word' id='word_1_154' title='bbox 470 2155 616 2227; x_wconf 87' lang='lat' dir='ltr'>querum</span> <span class='ocrx_word' id='word_1_155' title='bbox 650 2135 758 2206; x_wconf 91' lang='lat' dir='ltr'>vitam</span> <span class='ocrx_word' id='word_1_156' title='bbox 800 2156 836 2207; x_wconf 85' lang='lat' dir='ltr'>er</span> <span class='ocrx_word' id='word_1_157' title='bbox 874 2136 1072 2232; x_wconf 86' lang='lat' dir='ltr'>martyrium</span> <span class='ocrx_word' id='word_1_158' title='bbox 1114 2135 1306 2208; x_wconf 88' lang='lat' dir='ltr'>luculenter</span> <span class='ocrx_word' id='word_1_159' title='bbox 1343 2137 1471 2204; x_wconf 85' lang='lat' dir='ltr'>enarrat</span> <span class='ocrx_word' id='word_1_160' title='bbox 1539 2164 1540 2177; x_wconf 51' lang='lat' dir='ltr'>r</span> 
     </span>
     <span class='ocr_line' id='line_1_22' title="bbox 265 2224 1470 2400; baseline -0.007 -100"><span class='ocrx_word' id='word_1_161' title='bbox 265 2227 351 2400; x_wconf 57' lang='lat' dir='ltr'>pon.</span> <span class='ocrx_word' id='word_1_162' title='bbox 385 2229 501 2300; x_wconf 84' lang='lat' dir='ltr'>Foxus</span> <span class='ocrx_word' id='word_1_163' title='bbox 522 2227 581 2304; x_wconf 89' lang='lat' dir='ltr'>lib.</span> <span class='ocrx_word' id='word_1_164' title='bbox 606 2225 688 2316; x_wconf 79' lang='lat' dir='ltr'>cit,</span> <span class='ocrx_word' id='word_1_165' title='bbox 723 2229 798 2302; x_wconf 88' lang='lat' dir='ltr'>sunt</span> <span class='ocrx_word' id='word_1_166' title='bbox 824 2229 974 2313; x_wconf 87' lang='lat' dir='ltr'>flammis</span> <span class='ocrx_word' id='word_1_167' title='bbox 1007 2228 1142 2317; x_wconf 80' lang='lat' dir='ltr'>traditi,</span> <span class='ocrx_word' id='word_1_168' title='bbox 1177 2230 1282 2328; x_wconf 87' lang='lat' dir='ltr'>idque</span> <span class='ocrx_word' id='word_1_169' title='bbox 1306 2229 1351 2302; x_wconf 91' lang='lat' dir='ltr'>ob</span> <span class='ocrx_word' id='word_1_170' title='bbox 1376 2224 1470 2302; x_wconf 85' lang='lat' dir='ltr'>solam</span> 
     </span>
     <span class='ocr_line' id='line_1_23' title="bbox 296 2322 1471 2432; baseline -0.004 -36"><span class='ocrx_word' id='word_1_171' title='bbox 296 2324 396 2432; x_wconf 80' lang='lat' dir='ltr'>dem,</span> <span class='ocrx_word' id='word_1_172' title='bbox 422 2346 502 2397; x_wconf 87' lang='lat' dir='ltr'>cum</span> <span class='ocrx_word' id='word_1_173' title='bbox 528 2322 610 2396; x_wconf 89' lang='lat' dir='ltr'>nihil</span> <span class='ocrx_word' id='word_1_174' title='bbox 635 2346 755 2400; x_wconf 82' lang='lat' dir='ltr'>contre</span> <span class='ocrx_word' id='word_1_175' title='bbox 777 2349 887 2402; x_wconf 88' lang='lat' dir='ltr'>novas</span> <span class='ocrx_word' id='word_1_176' title='bbox 910 2327 1003 2422; x_wconf 86' lang='lat' dir='ltr'>leges</span> <span class='ocrx_word' id='word_1_177' title='bbox 1026 2325 1273 2402; x_wconf 86' lang='lat' dir='ltr'>commiserint.</span> <span class='ocrx_word' id='word_1_178' title='bbox 1320 2325 1396 2432; x_wconf 86' lang='lat' dir='ltr'>Qua</span> <span class='ocrx_word' id='word_1_179' title='bbox 1422 2337 1471 2412; x_wconf 80' lang='lat' dir='ltr'>ty·</span> 
     </span>
     <span class='ocr_line' id='line_1_24' title="bbox 266 2414 1464 2518; baseline -0.003 -24"><span class='ocrx_word' id='word_1_180' title='bbox 266 2417 413 2494; x_wconf 84' lang='lat' dir='ltr'>ranmde</span> <span class='ocrx_word' id='word_1_181' title='bbox 442 2441 522 2492; x_wconf 89' lang='lat' dir='ltr'>cum</span> <span class='ocrx_word' id='word_1_182' title='bbox 558 2437 651 2494; x_wconf 87' lang='lat' dir='ltr'>totus</span> <span class='ocrx_word' id='word_1_183' title='bbox 682 2424 829 2518; x_wconf 87' lang='lat' dir='ltr'>populus</span> <span class='ocrx_word' id='word_1_184' title='bbox 863 2425 1147 2506; x_wconf 84' lang='lat' dir='ltr'>conturbaretur,</span> <span class='ocrx_word' id='word_1_185' title='bbox 1180 2423 1295 2516; x_wconf 88' lang='lat' dir='ltr'>plures</span> <span class='ocrx_word' id='word_1_186' title='bbox 1317 2441 1412 2492; x_wconf 85' lang='lat' dir='ltr'>ettam</span> <span class='ocrx_word' id='word_1_187' title='bbox 1434 2414 1464 2482; x_wconf 70' lang='lat' dir='ltr'>in</span> 
     </span>
     <span class='ocr_line' id='line_1_25' title="bbox 267 2513 1467 2612; baseline -0.004 -24"><span class='ocrx_word' id='word_1_188' title='bbox 267 2516 340 2612; x_wconf 80' lang='lat' dir='ltr'>lide</span> <span class='ocrx_word' id='word_1_189' title='bbox 366 2514 677 2600; x_wconf 84' lang='lat' dir='ltr'>confirmarentur,</span> <span class='ocrx_word' id='word_1_190' title='bbox 705 2521 797 2591; x_wconf 88' lang='lat' dir='ltr'>secus</span> <span class='ocrx_word' id='word_1_191' title='bbox 811 2538 852 2591; x_wconf 93' lang='lat' dir='ltr'>ac</span> <span class='ocrx_word' id='word_1_192' title='bbox 867 2537 1046 2612; x_wconf 84' lang='lat' dir='ltr'>putaverat</span> <span class='ocrx_word' id='word_1_193' title='bbox 1066 2515 1295 2606; x_wconf 82' lang='lat' dir='ltr'>Gar-dinetus,</span> <span class='ocrx_word' id='word_1_194' title='bbox 1319 2513 1389 2612; x_wconf 90' lang='lat' dir='ltr'>ipse</span> <span class='ocrx_word' id='word_1_195' title='bbox 1403 2526 1467 2583; x_wconf 82' lang='lat' dir='ltr'>tem</span> 
     </span>
     <span class='ocr_line' id='line_1_26' title="bbox 269 2603 1540 2712; baseline -0.001 -28"><span class='ocrx_word' id='word_1_196' title='bbox 269 2610 409 2707; x_wconf 86' lang='lat' dir='ltr'>reliquit</span> <span class='ocrx_word' id='word_1_197' title='bbox 441 2611 623 2702; x_wconf 88' lang='lat' dir='ltr'>Bonnero,</span> <span class='ocrx_word' id='word_1_198' title='bbox 657 2613 835 2712; x_wconf 87' lang='lat' dir='ltr'>Episcopo</span> <span class='ocrx_word' id='word_1_199' title='bbox 865 2613 1086 2688; x_wconf 82' lang='lat' dir='ltr'>Londinenfi.</span> <span class='ocrx_word' id='word_1_200' title='bbox 1139 2611 1260 2712; x_wconf 78' lang='lat' dir='ltr'>Quid?</span> <span class='ocrx_word' id='word_1_201' title='bbox 1292 2603 1467 2709; x_wconf 77' lang='lat' dir='ltr'>quouipsa</span> <span class='ocrx_word' id='word_1_202' title='bbox 1539 2655 1540 2668; x_wconf 51' lang='lat' dir='ltr'>r</span> 
     </span>
     <span class='ocr_line' id='line_1_27' title="bbox 268 2700 1466 2807; baseline -0.003 -27"><span class='ocrx_word' id='word_1_203' title='bbox 268 2707 432 2801; x_wconf 79' lang='lat' dir='ltr'>Regina.</span> <span class='ocrx_word' id='word_1_204' title='bbox 459 2726 494 2777; x_wconf 82' lang='lat' dir='ltr'>et</span> <span class='ocrx_word' id='word_1_205' title='bbox 519 2709 599 2784; x_wconf 82' lang='lat' dir='ltr'>Rex</span> <span class='ocrx_word' id='word_1_206' title='bbox 623 2709 805 2807; x_wconf 83' lang='lat' dir='ltr'>Philippus</span> <span class='ocrx_word' id='word_1_207' title='bbox 830 2709 897 2800; x_wconf 88' lang='grc' dir='ltr'><strong>ΙΙ.,</strong></span> <span class='ocrx_word' id='word_1_208' title='bbox 921 2713 1044 2805; x_wconf 89' lang='lat' dir='ltr'>quibus</span> <span class='ocrx_word' id='word_1_209' title='bbox 1071 2713 1155 2783; x_wconf 85' lang='lat' dir='ltr'>haec</span> <span class='ocrx_word' id='word_1_210' title='bbox 1179 2714 1332 2805; x_wconf 85' lang='lat' dir='ltr'>tyrannis</span> <span class='ocrx_word' id='word_1_211' title='bbox 1348 2700 1466 2803; x_wconf 84' lang='lat' dir='ltr'>praeci·</span> 
     </span>
     <span class='ocr_line' id='line_1_28' title="bbox 270 2797 1468 2910; baseline -0.003 -37"><span class='ocrx_word' id='word_1_212' title='bbox 270 2825 346 2910; x_wconf 72' lang='lat' dir='ltr'>pue</span> <span class='ocrx_word' id='word_1_213' title='bbox 368 2801 611 2898; x_wconf 86' lang='lat' dir='ltr'>inputabatur,</span> <span class='ocrx_word' id='word_1_214' title='bbox 637 2803 707 2878; x_wconf 91' lang='lat' dir='ltr'>sese</span> <span class='ocrx_word' id='word_1_215' title='bbox 741 2829 803 2898; x_wconf 89' lang='lat' dir='ltr'>per</span> <span class='ocrx_word' id='word_1_216' title='bbox 835 2805 1139 2880; x_wconf 81' lang='lat' dir='ltr'>consessionarium</span> <span class='ocrx_word' id='word_1_217' title='bbox 1172 2807 1311 2900; x_wconf 89' lang='lat' dir='ltr'>publice</span> <span class='ocrx_word' id='word_1_218' title='bbox 1343 2797 1442 2875; x_wconf 81' lang='lat' dir='ltr'>ericus</span> <span class='ocrx_word' id='word_1_219' title='bbox 1456 2827 1468 2850; x_wconf 94' lang='lat'><strong>·</strong></span> 
     </span>
     <span class='ocr_line' id='line_1_29' title="bbox 268 2893 1467 2996; baseline -0.006 -26"><span class='ocrx_word' id='word_1_220' title='bbox 268 2916 407 2982; x_wconf 81' lang='lat' dir='ltr'>verint,</span> <span class='ocrx_word' id='word_1_221' title='bbox 432 2897 567 2996; x_wconf 80' lang='lat' dir='ltr'>seseque</span> <span class='ocrx_word' id='word_1_222' title='bbox 593 2919 714 2974; x_wconf 88' lang='lat' dir='ltr'>eontra</span> <span class='ocrx_word' id='word_1_223' title='bbox 737 2899 1004 2976; x_wconf 84' lang='lat' dir='ltr'>haereticidium</span> <span class='ocrx_word' id='word_1_224' title='bbox 1029 2899 1301 2988; x_wconf 83' lang='lat' dir='ltr'>declaraverint,</span> <span class='ocrx_word' id='word_1_225' title='bbox 1325 2899 1368 2971; x_wconf 84' lang='lat' dir='ltr'>ita</span> <span class='ocrx_word' id='word_1_226' title='bbox 1389 2893 1467 2970; x_wconf 82' lang='lat' dir='ltr'>utin</span> 
     </span>
     <span class='ocr_line' id='line_1_30' title="bbox 273 2993 1464 3096; baseline -0.003 -26"><span class='ocrx_word' id='word_1_227' title='bbox 273 2993 364 3096; x_wconf 83' lang='lat' dir='ltr'>solos</span> <span class='ocrx_word' id='word_1_228' title='bbox 389 2994 542 3070; x_wconf 82' lang='lat' dir='ltr'>Clericus</span> <span class='ocrx_word' id='word_1_229' title='bbox 566 3004 679 3072; x_wconf 88' lang='lat' dir='ltr'>omnis</span> <span class='ocrx_word' id='word_1_230' title='bbox 702 2997 867 3072; x_wconf 89' lang='lat' dir='ltr'>reciderit</span> <span class='ocrx_word' id='word_1_231' title='bbox 891 3002 1012 3093; x_wconf 87' lang='lat' dir='ltr'>culpa,</span> <span class='ocrx_word' id='word_1_232' title='bbox 1046 2997 1102 3068; x_wconf 89' lang='lat' dir='ltr'>sed</span> <span class='ocrx_word' id='word_1_233' title='bbox 1128 2994 1214 3071; x_wconf 82' lang='lat' dir='ltr'>haee</span> <span class='ocrx_word' id='word_1_234' title='bbox 1238 3021 1324 3094; x_wconf 87' lang='lat' dir='ltr'>pura</span> <span class='ocrx_word' id='word_1_235' title='bbox 1345 3013 1413 3092; x_wconf 78' lang='lat' dir='ltr'>puts</span> <span class='ocrx_word' id='word_1_236' title='bbox 1433 3008 1464 3054; x_wconf 75' lang='lat' dir='ltr'>e·</span> 
     </span>
    </p>

    <p class='ocr_par' dir='ltr' id='par_1_3' title="bbox 160 3085 1540 3584">
     <span class='ocr_line' id='line_1_31' title="bbox 160 3085 1540 3191; baseline -0.004 -28"><span class='ocrx_word' id='word_1_237' title='bbox 160 3093 173 3104; x_wconf 81' lang='lat'><strong><em>‘</em></strong></span> <span class='ocrx_word' id='word_1_238' title='bbox 273 3109 327 3164; x_wconf 86' lang='lat' dir='ltr'>rat</span> <span class='ocrx_word' id='word_1_239' title='bbox 351 3091 555 3184; x_wconf 81' lang='lat' dir='ltr'>hypocrisis.</span> <span class='ocrx_word' id='word_1_240' title='bbox 604 3095 834 3170; x_wconf 76' lang='lat' dir='ltr'>Perrexerunt</span> <span class='ocrx_word' id='word_1_241' title='bbox 867 3117 1006 3191; x_wconf 86' lang='lat' dir='ltr'>quoque</span> <span class='ocrx_word' id='word_1_242' title='bbox 1030 3089 1076 3165; x_wconf 90' lang='lat' dir='ltr'>illi</span> <span class='ocrx_word' id='word_1_243' title='bbox 1099 3091 1134 3164; x_wconf 93' lang='lat' dir='ltr'>in</span> <span class='ocrx_word' id='word_1_244' title='bbox 1162 3091 1231 3165; x_wconf 87' lang='lat' dir='ltr'>hoc</span> <span class='ocrx_word' id='word_1_245' title='bbox 1255 3090 1357 3190; x_wconf 83' lang='lat' dir='ltr'>opere</span> <span class='ocrx_word' id='word_1_246' title='bbox 1378 3101 1463 3183; x_wconf 81' lang='lat' dir='ltr'>quam</span> <span class='ocrx_word' id='word_1_247' title='bbox 1539 3085 1540 3090; x_wconf 71' lang='grc'>’</span> 
     </span>
     <span class='ocr_line' id='line_1_32' title="bbox 275 3181 1540 3286; baseline -0.003 -28"><span class='ocrx_word' id='word_1_248' title='bbox 275 3185 508 3280; x_wconf 74' lang='lat' dir='ltr'>strenuissime.</span> <span class='ocrx_word' id='word_1_249' title='bbox 555 3187 1176 3286; x_wconf 80' lang='lat' dir='ltr'>Combustiutiquesunta.1555.</span> <span class='ocrx_word' id='word_1_250' title='bbox 1212 3181 1466 3286; x_wconf 84' lang='lat' dir='ltr'>sexagintasep·</span> <span class='ocrx_word' id='word_1_251' title='bbox 1539 3219 1540 3274; x_wconf 79' lang='lat'>3</span> 
     </span>
     <span class='ocr_line' id='line_1_33' title="bbox 275 3281 1467 3388; baseline -0.003 -37"><span class='ocrx_word' id='word_1_252' title='bbox 275 3300 351 3388; x_wconf 78' lang='lat' dir='ltr'>cern</span> <span class='ocrx_word' id='word_1_253' title='bbox 380 3285 476 3355; x_wconf 88' lang='lat' dir='ltr'>causa</span> <span class='ocrx_word' id='word_1_254' title='bbox 507 3283 710 3380; x_wconf 86' lang='lat' dir='ltr'>religionis,</span> <span class='ocrx_word' id='word_1_255' title='bbox 743 3281 836 3357; x_wconf 91' lang='lat' dir='ltr'>inter</span> <span class='ocrx_word' id='word_1_256' title='bbox 862 3308 949 3380; x_wconf 90' lang='lat' dir='ltr'>quos</span> <span class='ocrx_word' id='word_1_257' title='bbox 972 3303 1120 3380; x_wconf 84' lang='lat' dir='ltr'>quatuor</span> <span class='ocrx_word' id='word_1_258' title='bbox 1143 3283 1329 3382; x_wconf 76' lang='lat' dir='ltr'>Episcopi,</span> <span class='ocrx_word' id='word_1_259' title='bbox 1353 3301 1386 3356; x_wconf 92' lang='lat' dir='ltr'>et</span> <span class='ocrx_word' id='word_1_260' title='bbox 1410 3297 1467 3352; x_wconf 88' lang='lat' dir='ltr'>tte·</span> 
     </span>
     <span class='ocr_line' id='line_1_34' title="bbox 272 3370 1465 3487; baseline 0.003 -38"><span class='ocrx_word' id='word_1_261' title='bbox 272 3370 387 3449; x_wconf 80' lang='lat' dir='ltr'>decim</span> <span class='ocrx_word' id='word_1_262' title='bbox 424 3377 630 3487; x_wconf 55' lang='lat' dir='ltr'>presbyteri.</span> <span class='ocrx_word' id='word_1_263' title='bbox 684 3378 775 3452; x_wconf 90' lang='lat' dir='ltr'>Dein</span> <span class='ocrx_word' id='word_1_264' title='bbox 808 3387 994 3471; x_wconf 79' lang='lat' dir='ltr'>a.1556.,</span> <span class='ocrx_word' id='word_1_265' title='bbox 1029 3379 1151 3453; x_wconf 86' lang='lat' dir='ltr'>eodem</span> <span class='ocrx_word' id='word_1_266' title='bbox 1179 3379 1335 3476; x_wconf 87' lang='lat' dir='ltr'>martyrii</span> <span class='ocrx_word' id='word_1_267' title='bbox 1357 3390 1465 3474; x_wconf 77' lang='lat' dir='ltr'>genere</span> 
     </span>
     <span class='ocr_line' id='line_1_35' title="bbox 273 3461 1540 3584; baseline 0.006 -43"><span class='ocrx_word' id='word_1_268' title='bbox 273 3491 432 3556; x_wconf 78' lang='lat' dir='ltr'>coronati</span> <span class='ocrx_word' id='word_1_269' title='bbox 469 3474 547 3545; x_wconf 88' lang='lat' dir='ltr'>sunt</span> <span class='ocrx_word' id='word_1_270' title='bbox 580 3473 764 3568; x_wconf 78' lang='lat' dir='ltr'>osioginta</span> <span class='ocrx_word' id='word_1_271' title='bbox 789 3473 962 3584; x_wconf 81' lang='lat' dir='ltr'>quinque,</span> <span class='ocrx_word' id='word_1_272' title='bbox 988 3499 1155 3572; x_wconf 91' lang='lat' dir='ltr'>quorum,</span> <span class='ocrx_word' id='word_1_273' title='bbox 1181 3494 1218 3558; x_wconf 85' lang='lat' dir='ltr'>et</span> <span class='ocrx_word' id='word_1_274' title='bbox 1241 3479 1381 3551; x_wconf 86' lang='lat' dir='ltr'>aliorum</span> <span class='ocrx_word' id='word_1_275' title='bbox 1401 3461 1465 3564; x_wconf 73' lang='lat' dir='ltr'>post</span> <span class='ocrx_word' id='word_1_276' title='bbox 1539 3543 1540 3548; x_wconf 75' lang='grc'>,</span> 
     </span>
    </p>
   </div>
   <div class='ocr_carea' id='block_1_3' title="bbox 230 3561 1471 3737">
    <p class='ocr_par' dir='ltr' id='par_1_4' title="bbox 230 3561 1540 3737">
     <span class='ocr_line' id='line_1_36' title="bbox 230 3561 1471 3674; baseline 0.014 -32"><span class='ocrx_word' id='word_1_277' title='bbox 230 3633 234 3642; x_wconf 91' lang='grc'>.</span> <span class='ocrx_word' id='word_1_278' title='bbox 268 3567 465 3648; x_wconf 90' lang='lat' dir='ltr'>occisorum</span> <span class='ocrx_word' id='word_1_279' title='bbox 491 3569 551 3647; x_wconf 89' lang='lat' dir='ltr'>sub</span> <span class='ocrx_word' id='word_1_280' title='bbox 576 3571 713 3662; x_wconf 82' lang='lat' dir='ltr'>Maria,</span> <span class='ocrx_word' id='word_1_281' title='bbox 739 3592 878 3648; x_wconf 81' lang='lat' dir='ltr'>uomina</span> <span class='ocrx_word' id='word_1_282' title='bbox 902 3572 992 3670; x_wconf 87' lang='lat' dir='ltr'>apud</span> <span class='ocrx_word' id='word_1_283' title='bbox 1005 3571 1038 3668; x_wconf 22' lang='lat' dir='ltr'>,F</span> <span class='ocrx_word' id='word_1_284' title='bbox 1040 3569 1145 3672; x_wconf 76' lang='lat' dir='ltr'>osum</span> <span class='ocrx_word' id='word_1_285' title='bbox 1161 3571 1336 3674; x_wconf 76' lang='lat' dir='ltr'>prostant,</span> <span class='ocrx_word' id='word_1_286' title='bbox 1360 3561 1471 3662; x_wconf 56' lang='lat' dir='ltr'>adesi&lt;</span> 
     </span>
     <span class='ocr_line' id='line_1_37' title="bbox 1402 3679 1467 3737; baseline -0.015 -1"><span class='ocrx_word' id='word_1_287' title='bbox 1402 3679 1467 3737; x_wconf 83' lang='lat' dir='ltr'>ceu</span> 
     </span>
    </p>
   </div>
   <div class='ocr_carea' id='block_1_4' title="bbox 0 0 1568 4436">
    <p class='ocr_par' dir='ltr' id='par_1_5' title="bbox 0 0 1568 4436">
     <span class='ocr_line' id='line_1_38' title="bbox 0 0 1568 4436; baseline 0 0"><span class='ocrx_word' id='word_1_288' title='bbox 0 0 1568 4436; x_wconf 95' lang='lat' dir='ltr'> </span> 
     </span>
    </p>
   </div>
  </div>
 </body>
</html>
