3000 4800
200 718 282 792 ogr
603 685 752 786 Historia
779 684 904 790 Eccles.
916 685 1044 787 sitifi.

213 858 399 969 disposuit,
432 880 469 938 et
492 862 667 961 publicam
693 865 790 941 Euan
818 866 878 942 elii
904 863 1152 963 professionem
1165 860 1443 963 'sandvit'pu'b-
1478 846 1483 853 ’

215 972 322 1045 licato
344 961 484 1049 edicto,
510 962 568 1035 die
596 982 656 1056 27.
676 890 845 1058 Augulii,
871 982 1045 1037 monetam
1065 962 1160 1037 cudit
1178 982 1330 1052 rorarii,
1354 984 1443 1037 com

201 1060 465 1156 inscriptione,
506 1078 577 1130 non
601 1076 640 1128 ut
663 1076 784 1149 antea,
807 1058 880 1157 poll
902 1062 1052 1133 terebros
1071 1056 1170 1156 spero
1192 1061 1314 1148 lucrm,
1331 1062 1335 1069 '
1354 1054 1441 1147 seu.

214 1161 284 1257 post
307 1161 459 1229 tenebras
481 1152 549 1225 luti.
601 1154 746 1227 Curavit
784 1154 956 1253 denique,
991 1171 1259 1229 monumentum
1289 1172 1444 1229 aeneum

205 1262 263 1341 ¹id
285 1253 411 1324 Curiae
437 1250 553 1322 valvae
577 1247 663 1344 erigi
694 1250 730 1323 iii
763 1248 863 1349 liujut
888 1250 1053 1324 beneficii
1086 1248 1309 1334 memoriam,
1341 1247 1445 1347 cujus

215 1346 402 1442 inscriptio
427 1344 537 1418 exstat
554 1348 643 1438 apud
660 1344 864 1423 scultetum.
915 1344 1100 1438 Ceterum,
1126 1366 1205 1420 cum
1220 1344 1257 1421 in
1272 1343 1445 1443 Eccleliir

219 1439 445 1541 repurgandis
472 1438 707 1529 versarentur,
733 1437 955 1515 detestandae
981 1440 1076 1531 sunt,
1111 1442 1153 1514 ad
1179 1442 1319 1538 piebem,
1341 1438 1448 1515 deci·
1487 1490 1490 1495 -

203 1541 406 1642 ,.piendam,
439 1534 596 1609 detectae
625 1534 779 1625 frauder,
819 1558 902 1635 quas
931 1534 1077 1610 exhibet
1106 1534 1448 1615 tinctorium

220 1659 279 1711 eir.
304 1659 356 1732 gr.
383 1634 463 1705 loco
486 1629 618 1704 brachii
647 1630 818 1723 Antonii,
852 1631 945 1729 quod
968 1630 1097 1706 summa
1119 1630 1356 1709 honorabatur
1381 1632 1451 1705 de·

219 1731 390 1815 votione,
416 1729 603 1801 inventum
627 1724 678 1797 eli
701 1728 804 1802 corvi
831 1728 1046 1816 membrum,
1079 1727 1133 1801 vel
1162 1747 1274 1817 artur,
1297 1746 1336 1801 et
1358 1726 1447 1803 loco

226 1829 351 1909 cerebri
375 1822 493 1910 Petri,
519 1841 588 1892 non
615 1819 761 1894 minoris
782 1820 987 1896 devotionis
1010 1822 1160 1919 objedii,
1182 1842 1314 1917 periret.

267 1923 299 2021 s.
324 1918 498 1995 CCXXX.
515 1913 804 2001 ,reformatione
834 1916 898 1991 bac
929 1917 1067 1993 ratione
1081 1916 1447 2029 publice‘introdoc·

219 2037 278 2110 to,
296 2015 391 2090 simul
408 2012 562 2087 libertate
578 2009 677 2085 civili
697 2034 768 2109 ope
785 2011 1025 2103 Beruenliuni,
1043 2037 1121 2111 qui,
1141 2014 1235 2089 Duci
1252 2014 1446 2091 sabaudiae

210 2114 315 2192 bello
337 2110 531 2200 declarato,
565 2105 789 2182 Genevenser
808 2109 853 2183 ab
875 2107 950 2205 eius
971 2108 1216 2185 vexationibus
1236 2108 1449 2211 acoppref·
1484 2174 1487 2179 .

210 2208 375 2289 sionibus
414 2202 659 2293 vindicarunt,
702 2221 896 2318 terramque
931 2202 1050 2281 Vaudi
1086 2205 1120 2279 ei
1152 2206 1381 2304 eripuerunt,
1413 2226 1449 2285 t.

213 2330 335 2404 Ι1535.
364 2322 399 2376 et
427 2307 532 2397 1536.
566 2296 754 2468 “buism’
796 2301 949 2375 ultimam
982 2298 1273 2413 eiinposuerunt
1302 2324 1447 2379 manum

212 2430 258 2501 p.
289 2409 396 2494 1536.
424 2418 461 2471 et
488 2416 592 2486 1537.
645 2394 1119 2500 acemintetcivei,var1e
1151 2398 1264 2473 adhuc
1288 2397 1447 2491 divisor,

221 2502 406 2579 fecerunt,
437 2493 566 2564 cultum
592 2492 763 2582 publicum
788 2510 824 2564 et
847 2494 998 2586 tegimen
1025 2493 1195 2567 Ecclesiae
1217 2492 1447 2581 ordinarunt,

220 2589 475 2666 conleffionem
505 2578 604 2688 fidei,
637 2607 656 2656 a
687 2586 821 2661 Farello
853 2587 1101 2695 compositam,
1136 2591 1371 2686 adoptarunt,
1406 2608 1447 2665 et

217 2690 423 2760 -'uramento
457 2679 688 2752 sanciverunt:
716 2706 803 2776 quae
834 2680 1050 2780 fimplicitate
1075 2685 1130 2759 sua
1153 2686 1186 2758 se
1208 2686 1448 2764 commendat.

154 2789 161 2799 '
218 2713 345 2877 itallat
369 2775 459 2872 apud
484 2772 623 2846 Ruchat
648 2774 668 2849 l.
694 2778 798 2853 XIV.
849 2780 939 2870 Sed,
973 2782 1063 2854 nulla
1084 2799 1120 2856 et
1158 2781 1221 2877 ipsi
1245 2804 1325 2879 erga
1350 2785 1450 2858 Pon·

222 2879 356 2954 tificios
388 2870 434 2945 usi
460 2872 664 2959 tolerantia,
690 2894 810 2947 eorum
838 2874 953 2968 potiut
976 2877 1081 2950 secuti
1109 2880 1326 2969 exemplum,
1354 2878 1451 2953 Misi·

220 2978 296 3065 sas,
323 2989 358 3045 et
384 2967 575 3063 imagines,
608 2968 760 3043 absolute
784 2990 853 3043 non
879 2972 983 3045 solum
1010 2972 1300 3068 proscripserunt,
1325 2972 1449 3050 sedet

228 3065 468 3146 inobedientes
492 3061 725 3158 puniverunt,
751 3087 816 3140 nec
840 3083 955 3140 tamen
980 3065 1153 3142 severiore
1178 3094 1311 3164 poena,
1335 3093 1446 3167 quani

220 3154 514 3244 incarcerationit
546 3159 588 3231 ad
620 3161 727 3233 breve
761 3183 914 3258 tempus,
948 3182 986 3235 et
1007 3165 1116 3240 exilii.
1168 3167 1448 3244 introduxerunt

223 3252 363 3362 'quoque
394 3257 541 3329 eandem
573 3254 859 3332 reformationem
889 3280 952 3354 per
984 3260 1151 3334 Ecclefiau
1175 3283 1272 3335 extra
1296 3264 1443 3354 urbem,

222 3381 262 3436 et
295 3357 326 3427 ei
359 3352 533 3449 subjectas.
585 3350 690 3449 Quod
720 3377 800 3427 curn
834 3378 855 3427 e
886 3353 1038 3450 vestigio
1072 3357 1272 3431 executioni
1303 3357 1442 3431 vellent

223 3461 327 3540 date,
353 3476 438 3524 unus
460 3451 683 3538 Senatorum,
710 3451 851 3524 nomine
877 3451 1085 3547 reliquorum
1103 3455 1263 3549 loquens,
1287 3450 1445 3547 pruden-

220 3571 273 3628 ter
290 3545 467 3626 admonuit
483 3547 665 3634 Senatum,
691 3546 846 3643 iniquum
875 3543 941 3618 esse
967 3549 1074 3639 velle,
1099 3570 1137 3620 ut
1162 3572 1244 3621 mox
1269 3564 1447 3622 mutarent

223 3643 458 3741 religionem,
485 3662 670 3736 antequam
695 3643 773 3716 satis
799 3642 907 3716 essent
931 3641 974 3715 de
997 3644 1167 3717 erroribus
1182 3644 1358 3732 instructi,
1386 3643 1444 3716 ef-

221 3743 400 3834 fecitque,
435 3755 495 3823 ut,
526 3736 647 3810 frustra
680 3738 916 3811 contendente
943 3739 1074 3812 Farello
1098 3746 1183 3837 operi
1205 3741 1270 3812 Dei
1291 3764 1350 3812 non
1379 3739 1443 3836 ff

102 3839 105 3843 ’
222 3843 342 3927 obicem
367 3834 562 3931 ponendum,
588 3851 625 3903 ut
649 3830 773 3905 mensis
797 3835 943 3925 spatium
970 3834 1077 3908 fuerit
1101 3834 1310 3911 concellum.
1360 3836 1444 3938 Qut

222 3937 358 4017 ratione
384 3927 499 4001 omnia
528 3928 680 4000 feliciter
704 3926 943 4003 successerunt.
1439 3936 1443 3941 '

273 4033 304 4133 s.
330 4025 518 4104 CCXXXl.
544 4022 623 4122 Quo
645 4025 681 4096 iii
706 4047 820 4098 rerum
837 4023 946 4114 statu,
972 4045 1050 4098 cum
1069 4027 1241 4120 Jolronrrrt
1261 4031 1441 4120 Calvinus,

223 4132 404 4212 Generum
427 4121 602 4219 adpulsus,
633 4139 670 4196 et
692 4141 711 4195 a
736 4120 869 4204 Farello
900 4121 1086 4218 detentui,
1112 4127 1186 4225 ipse
1212 4128 1309 4205 euim
1333 4127 1446 4235 trans·

1391 4243 1448 4298 lie
