3000 4800
216 686 288 771 164
595 680 744 781 Historia
766 678 1035 785 Etusrjsflrriss.

212 858 340 935 bellum
371 854 532 933 Mauritii
563 879 644 933 cum
678 859 850 935 Caesare·
870 859 1122 955 ¹Praeterquam
1148 855 1437 955 quou.bie,.ni··.

211 952 257 1049 llil
296 954 361 1027 tale
394 952 477 1051 quid
508 978 527 1027 a
558 954 732 1028 Mauritio
771 952 994 1051 etr'spetlans,
1035 974 1074 1025 et
1100 950 1296 1039 rumoribus¹
1318 952 1434 1053 fidem

212 1048 405 1144 denegans,
441 1051 614 1144 inparatus
652 1052 754 1145 plane
793 1054 897 1141 esl'et,
928 1048 1125 1137 Hernicus,
1160 1048 1294 1125 Galliae
1322 1048 1428 1140 Rex,

212 1142 335 1219 insella
359 1144 395 1217 in
420 1145 682 1240 Lorharingiam
707 1145 801 1237 figna
820 1148 913 1243 jam,
938 1164 1042 1238 prout
1066 1144 1250 1241 intereum
1268 1162 1306 1215 et
1323 1146 1430 1219 Mau·

211 1239 328 1312 titium
355 1259 588 1328 convenerat,
613 1232 753 1330 intulit,
786 1260 821 1313 et
848 1240 1082 1313 Ferdrnandus
1112 1240 1204 1313 bello
1225 1256 1301 1313 erat
1323 1236 1435 1335 inpii?

210 1335 300 1408 citus
325 1334 361 1406 in
386 1333 565 1428 Hungaria
588 1354 626 1409 et
644 1336 904 1433 Transyluania.
930 1334 1122 1423 Matrinus,
1146 1332 1279 1433 itaque,
1304 1333 1343 1408 in
1360 1360 1428 1431 pu·

211 1428 343 1503 blicum
367 1429 491 1503 emillis
511 1428 635 1504 litteris
658 1433 701 1505 ad
729 1432 876 1506 Ordines
897 1430 1052 1523 Inperti,
1078 1430 1192 1504 causas
1217 1432 1297 1503 belli
1315 1432 1429 1527 expo·

208 1524 283 1613 nit,
307 1526 494 1621 praecipue
518 1525 720 1623 sequentes,
744 1524 919 1623 religionis
943 1528 1135 1618 puritatem
1158 1543 1193 1594 et
1209 1526 1429 1615 libertatern,

210 1642 315 1715 quam
331 1619 510 1693 Pontificii
530 1623 799 1717 opprimebant,
833 1626 874 1695 ct'
892 1618 1111 1712 exstirpatam
1136 1618 1286 1709 uellent,
1311 1620 1432 1701 Lanu

162 1762 167 1771 -
209 1715 321 1811 gravii
359 1714 622 1807 liberationem,
654 1733 691 1789 et
727 1717 955 1791 Germanicae
993 1712 1179 1799 libertatis,
1212 1737 1313 1810 quarn
1344 1734 1430 1789 curu

208 1809 425 1889 intoleranda
458 1809 625 1884 servitute
657 1812 779 1885 Caesar
813 1829 1028 1885 commutare
1057 1810 1266 1899 conabatur,
1298 1806 1428 1885 instau-

211 1913 397 1989 rationem.
458 1903 591 2003 Quibus
630 1904 754 1979 litteris
793 1903 988 1999 subscripsit
1025 1903 1203 1997 Johannes
1243 1904 1429 1993 Albertirr,

208 2000 296 2081 Dux
326 1999 634 2095 Megelburgicus,
674 2023 719 2073 eo
759 1999 946 2097 praecipue
975 1996 1105 2091 scopo,
1153 2017 1191 2069 ut
1228 1996 1351 2095 religIo
1380 1996 1427 2075 sit

87 2164 97 2183 ,
206 2096 298 2169 sarta
327 2092 430 2167 tetta.
481 2094 522 2167 In
547 2094 692 2169 eandem
715 2118 786 2191 quo
812 2118 856 2169 ue
882 2093 958 2167 sere
984 2112 1137 2188 ruentena
1155 2092 1325 2185 ,scripturn
1348 2096 1427 2169 edi·

208 2188 264 2265 dit
289 2190 473 2277 Albertus,
506 2188 673 2265 Marehio
694 2120 1034 2287 Branser‘rburgicur,
1064 2206 1101 2261 et
1126 2186 1200 2283 ipse
1222 2188 1423 2277 Henricus,

209 2284 343 2361 Galliae
377 2286 478 2374 Rex,
508 2288 635 2360 litteris
668 2286 710 2359 acl
745 2286 925 2361 Caesarem
961 2284 1116 2395 scriptis,
1150 2280 1185 2355 se
1212 2282 1425 2360 Germaniae

208 2381 452 2457 liberationem
489 2380 526 2451 in
560 2379 665 2460 oculis
698 2382 845 2467 babere,
878 2380 1077 2453 declaravtt.
1128 2377 1265 2478 Quibus
1293 2379 1427 2473 fastis,

207 2476 410 2567 Principes,
437 2490 474 2543 ut
500 2473 704 2558 Mauritius,
728 2472 929 2545 Ludouicus
946 2475 1034 2545 fillus
1046 2473 1254 2570 Landgravii
1269 2493 1305 2547 et
1320 2476 1428 2559 Matre¹

207 2570 294 2644 chio
324 2567 641 2673 BrandeburgIcus,
673 2566 870 2658 conjuntlis
901 2566 1033 2661 copiis,
1067 2570 1167 2641 urbes
1198 2569 1236 2643 in
1268 2569 1421 2645 deditio·

204 2684 286 2736 nem
327 2661 490 2754 capiunt,
520 2661 696 2758 ipsamque
731 2660 942 2759 Augustani,
983 2684 1198 2761 evocantque
1237 2663 1424 2761 superlorie

206 2756 416 2833 Germaniae
442 2751 624 2846 civitates,
649 2771 686 2827 et
708 2756 799 2831 inter
824 2782 880 2831 eas
903 2745 1161 2853 N-rribergam,
1187 2779 1224 2833 ut
1240 2760 1420 2857 Augustae

206 2870 444 2951 compareant.
493 2847 623 2924 Galliae
647 2875 783 2948 quoque
809 2855 887 2927 Rex
909 2854 1037 2947 oppida
1064 2854 1195 2949 superii
1216 2856 1258 2928 ad
1283 2858 1420 2934 Galliae

206 2952 297 3026 fines
321 2964 470 3041 occupat
479 3000 490 3037 ,
515 2964 550 3018 et
573 2945 836 3041 Lorharingiam
864 2948 1009 3021 invadit.
1061 2952 1182 3024 MetIn
1207 2950 1331 3042 etiam,
1359 2976 1419 3028 ur·

204 3048 287 3122 bern
327 3041 461 3137 Inperii
498 3043 692 3129 celebrem,
733 3042 795 3115 sibi
822 3041 1001 3131 cluditur.
1061 3042 1225 3120 Marchio
1266 3047 1420 3146 denique

199 3135 498 3233 Brandeburgicus
520 3137 628 3213 uastat
659 3158 778 3231 agrum
803 3138 1020 3227 Ulmensem,
1054 3160 1090 3213 et
1116 3141 1288 3217 foederati
1311 3165 1420 3219 occu·

234 3248 332 3309 arunt
364 3232 584 3329 provinciana
624 3233 765 3309 Ottunis
795 3234 947 3307 Henrici
984 3234 1149 3323 Palatini,
1184 3236 1244 3329 qui
1277 3255 1316 3311 et
1337 3239 1418 3333 ipse

205 3260 277 3409 sese
299 3330 341 3405 iis
365 3326 533 3421 adjunxit.
957 3408 960 3413 ,
1236 3362 1242 3371 ·
1427 3328 1431 3335 ’

227 3425 288 3524 l.
313 3424 472 3499 CLXIII.
506 3422 587 3525 Quo
615 3424 651 3497 in
684 3445 799 3499 rerum
832 3422 918 3523 statu
949 3425 1023 3521 egit
1057 3420 1296 3502 Ferdinandus
1330 3446 1414 3505 cum

205 3518 381 3606 Mauritio
404 3520 449 3595 de
470 3544 576 3616 pace,
604 3520 720 3595 multis
744 3522 788 3593 de
819 3520 960 3594 Caesare
988 3518 1173 3616 promissis,
1197 3541 1234 3595 et
1258 3523 1418 3603 inducias

206 3622 313 3703 226.
338 3616 416 3689 Mai
456 3617 499 3690 ad
533 3624 566 3695 8.
595 3616 674 3711 Jun.
699 3615 850 3713 pepigit.
899 3620 1042 3691 Caesare
1071 3618 1206 3692 interea
1229 3622 1348 3715 copias
1372 3624 1418 3700 ad

204 3710 352 3812 Alpium
395 3710 526 3784 radices
558 3711 762 3807 colligente,
803 3734 890 3807 quae
919 3712 1038 3785 Rurae
1062 3712 1195 3809 oppido
1224 3714 1416 3793 convenie-

204 3813 308 3900 bant,
333 3803 421 3879 socii
443 3804 645 3900 Principes,
669 3824 853 3901 antequam
874 3804 1087 3881 induciarum
1113 3827 1249 3903 tempus
1265 3812 1416 3909 incipIe·

199 3908 286 3991 tat,
309 3899 532 3974 tetenderunt
557 3897 597 3972 ad
623 3899 709 3973 fines
733 3900 892 3994 Alplutn,
917 3902 1142 3977 Caesareanos
1156 3905 1414 4004 profligarunt,

199 4021 241 4079 et
265 3996 459 4081 Caesarem,
488 3993 547 4091 qul
571 3992 776 4106 Oenoponti
796 3996 964 4108 degebat,
982 3996 1218 4169 praecipitem
1240 4004 1276 4077 in
1294 4003 1415 4100 fugant

200 4097 388 4211 peperunt,
433 4092 616 4198 Tempore
631 4112 717 4173 ruo
730 4091 982 4176 indutiaruma
1003 4094 1284 4195 propio-ruente,
1307 4103 1416 4213 Isau·

1316 4213 1422 4273 null!
