3098 4436
264 239 335 338 376
653 221 801 328 Historia
824 217 954 324 Ecclrs.
980 222 1094 328 Christ.

270 409 379 508 Regin
412 401 574 482 Poloniae
600 405 706 494 filiun,
739 405 857 504 quiin
886 407 1052 484 Bohetnia
1074 403 1187 484 adhuc
1214 399 1260 483 ad
1277 399 1399 482 'annum
1415 401 1454 480 seJ

270 513 338 582 culi
373 504 548 578 decimum
583 500 717 576 sexturn
748 503 930 600 regnavit,
964 503 1126 579 mttiffini
1156 503 1265 580 animi
1299 503 1455 594 Princeps,

272 603 404 700 saepius
427 622 445 673 a
470 598 662 673 Catholicis
685 599 723 672 in
750 601 885 674 Fratrer
910 603 1094 692 incitatus,
1120 623 1164 674 eo
1188 600 1224 672 se
1247 621 1318 674 non
1343 597 1388 671 esi
1404 597 1458 690 pas·

273 703 327 776 sur
367 695 587 792 permoveri,
621 693 681 767 nili
714 695 784 768 hoc
815 695 951 788 seculo,
981 697 1067 770 licet
1099 695 1253 786 invitus,
1285 690 1460 790 inportunis
1520 747 1521 762 ,

274 793 425 870 hostium
450 789 659 866 clamoribus
683 789 834 865 resistere
860 813 931 866 non
956 791 1102 890 amplior
1120 793 1251 868 velena.
1300 785 1462 862 Emanatit

273 893 389 986 itaque
415 909 446 962 a.
476 909 579 979 ¹503·
604 885 754 960 eunoun
779 888 824 961 dc
849 885 1075 984 inquisitione
1097 889 1137 963 in
1155 890 1294 962 Fratres
1310 883 1467 958 instituen·

273 991 339 1074 da,
372 983 480 1094 iisque
510 1007 529 1056 a
557 981 764 1056 civitatibuu
800 981 903 1079 regiir
932 1005 973 1058 ac
1005 986 1205 1060 muneribus
1241 979 1412 1069 accendit,
1437 993 1464 1050 et

272 1103 340 1180 pro
364 1079 475 1154 lubitu
500 1075 706 1152 tractandis:
730 1077 824 1174 quod
850 1077 1004 1154 nonnulli
1020 1099 1084 1165 per
1100 1100 1287 1169 carceres,
1308 1074 1419 1164 exilia,
1437 1090 1466 1144 et

272 1193 424 1267 morter,
457 1173 562 1249 etiam
592 1173 729 1268 experti
765 1175 855 1247 sunt.
904 1175 1068 1265 Causam,
1100 1177 1156 1249 vel
1188 1171 1415 1258 occaliormm,
1438 1189 1467 1239 e·

274 1271 383 1361 disti,
408 1290 543 1368 praeter
568 1289 707 1364 apertne
737 1266 873 1358 hoster,
899 1273 1132 1365 praebuerunt
1156 1269 1318 1345 nonnulli
1340 1269 1465 1341 Frutret

274 1373 362 1444 Orta
396 1368 491 1438 enirn
526 1361 724 1457 quaestione
755 1361 844 1436 inter
880 1389 960 1455 eoa,
1005 1384 1120 1440 utrum
1159 1363 1358 1441 Christiano
1384 1361 1465 1436 liceat

273 1461 522 1557 illegislratum
549 1479 689 1551 gerere,
722 1458 836 1552 gladio
858 1459 928 1548 uti,
948 1461 1185 1557 juramentum
1212 1460 1398 1556 praeliare,
1420 1473 1466 1528 aut
1525 1448 1526 1481 ¹

273 1558 446 1650 exigere?
481 1555 593 1648 plures
634 1553 774 1648 quidem
808 1555 1053 1645 adfirmarunt,
1094 1559 1150 1630 sed
1181 1557 1289 1652 aliqui
1323 1569 1467 1650 negarunt
1526 1559 1528 1622 i

274 1677 346 1728 non
381 1671 535 1737 tantum,
570 1671 692 1722 uerum
721 1651 899 1746 segregem
924 1672 1063 1726 coetum
1091 1655 1222 1750 Pragae
1248 1649 1465 1732 instituerunt,

273 1766 310 1824 et
336 1746 444 1824 socior
468 1744 551 1820 fidei
577 1746 754 1822 criminati
779 1747 876 1836 sunt,
899 1753 991 1842 quod
1009 1746 1156 1844 gladium
1176 1751 1332 1840 sumere,
1354 1743 1465 1834 seseque
1529 1747 1530 1756 ’

273 1845 312 1920 vi
345 1843 449 1918 tutari
482 1840 735 1938 proposuerint.
787 1842 891 1941 Quod
926 1842 1041 1916 hoster
1069 1843 1318 1938 attinuerunt,
1349 1859 1381 1914 et
1404 1840 1467 1912 Ula·

272 1939 418 2018 dissaum
443 1938 478 2012 in
506 1961 568 2010 eos
591 1939 800 2024 incitarunt,
823 1939 881 2034 qui
906 1939 1064 2026 dixisset}
1092 1939 1291 2028 otientur,
1316 1937 1466 2028 itunrjurt

162 2077 165 2084 e
273 2063 348 2130 ergo
382 2039 472 2108 nobis
509 2035 650 2106 Zizkam
681 2035 828 2106 reducere
860 2037 1033 2128 cogitant?
1059 2033 1277 2134 compescendi
1299 2035 1380 2108 lunt
1401 2027 1466 2126 inst·

274 2134 410 2206 lentr'am
435 2151 495 2200 nnn
523 2131 612 2198 nobis
636 2128 769 2200 deerunt
793 2133 877 2204 uiae.
904 2149 975 2204 etc.
1532 2145 1533 2150 ’

322 2225 354 2322 s.
382 2221 676 2308 ccccxxviii.
700 2223 922 2318 inpetrarunt
949 2225 1087 2323 quidem
1117 2229 1260 2300 Fratree
1289 2226 1466 2320 aliquane·
1533 2249 1534 2268 ¹

274 2321 359 2397 dieti
394 2315 674 2412 mitigationem,
708 2319 801 2415 Regi
834 2322 948 2393 oblata
973 2322 1212 2413 confeffione,
1250 2339 1285 2394 et
1313 2316 1466 2416 apologia,

273 2441 362 2516 qnae
390 2435 475 2489 tom.
500 2413 527 2484 I.
553 2411 791 2488 Waldenstum
817 2415 923 2510 Lydii
945 2416 1076 2498 exstare
1104 2419 1162 2492 sed
1187 2441 1215 2490 a.
1245 2441 1349 2508 1510.
1372 2415 1403 2487 in
1419 2433 1467 2483 co·

270 2511 381 2589 mitiis
412 2511 688 2606 Cattenbergae,
721 2511 762 2584 ab
790 2510 983 2587 Ordinibus
1007 2513 1182 2612 utriusque
1207 2514 1338 2610 partis,
1362 2508 1467 2584 scilicet

272 2613 334 2688 sub
368 2633 455 2694 una,
487 2624 523 2679 ct
554 2607 614 2681 sub
648 2626 793 2704 utraque
823 2604 940 2703 specie
962 2607 998 2683 in
1024 2607 1254 2700 eucharistia,
1282 2603 1467 2685 unanimiter

271 2707 370 2796 fere,
397 2727 469 2780 rem
495 2701 543 2775 ita
569 2701 749 2796 dirigente
771 2703 951 2800 Episcopo
968 2705 1226 2794 Varadenensr,
1257 2705 1467 2802 Regielegt·

269 2822 330 2889 to,
365 2797 562 2874 conclusum
596 2795 666 2884 est,
700 2818 738 2874 ut
769 2801 909 2874 litterae
942 2801 1051 2895 Regis
1082 2821 1206 2876 contra
1239 2803 1408 2874 Boluetnor
1435 2794 1465 2864 iu

272 2899 403 2976 tabulas
428 2897 566 2993 Regni,
591 2891 627 2968 in
652 2915 855 2990 perpetuum
874 2917 1163 2985 monumentum,
1188 2897 1413 2976 deferrentur,
1435 2903 1467 2958 et

271 3011 486 3092 quantocyus
524 2991 724 3067 executioni
767 2990 875 3066 unitio
907 2990 1039 3082 viribus
1070 2993 1326 3068 mandarentur.
1375 2983 1462 3060 Unde

271 3092 397 3188 ingens
414 3086 591 3162 Fratribus
606 3087 738 3176 ludius,
770 3087 925 3162 nostibus
951 3110 1038 3162 vero
1062 3111 1223 3184 magnum
1241 3087 1389 3186 gaudium
1411 3097 1458 3150 or·

270 3206 345 3262 tunt
378 3183 449 3270 est,
485 3183 542 3256 sed
578 3182 617 3256 ad
653 3181 886 3258 breviffimum
929 3201 1063 3258 tanturn
1095 3203 1256 3281 tempur3
1292 3169 1462 3280 praecipui!

248 3275 521 3382 ¹persecutionis
553 3278 748 3365 autoribus,
783 3280 877 3375 quod
914 3277 1084 3378 singulare
1119 3280 1192 3366 est,
1226 3279 1461 3355 mirabiliterc

268 3374 387 3468 medio
409 3370 581 3462 abreptis:
607 3395 750 3468 quorum
772 3377 927 3470 exempla
951 3377 1043 3473 apud
1059 3377 1319 3472 Regenvnllch.
1338 3369 1464 3447 exstant·

268 3472 375 3578 Quod
403 3470 617 3544 occasionem
648 3471 828 3562 proverbii
862 3473 953 3545 inter
983 3495 1043 3546 eos
1068 3473 1186 3548 dedit:
1210 3471 1246 3566 ſs
1267 3495 1354 3567 quent
1376 3469 1465 3538 vitm

265 3579 379 3670 piget,
414 3568 625 3663 adgrediatur
658 3565 835 3652 Picordos,
871 3591 931 3640 nun
960 3593 1079 3642 annunt
1101 3573 1301 3664 stuprrviuet.
1351 3567 1466 3638 Deest·

270 3693 342 3747 tum
371 3667 488 3766 itaque
514 3663 584 3740 vim
606 3683 677 3740 non
700 3661 870 3758 exseruit,
908 3663 992 3740 licet
1010 3663 1118 3762 aliqui
1134 3667 1247 3746 adhuc
1270 3667 1315 3744 ob
1342 3651 1467 3818 religpp·

264 3803 270 3814 ·
1380 3769 1418 3824 ne
1456 3790 1467 3829 ,
